2626 4738
126 362 132 372 ·
229 330 248 353 ”
367 287 810 443 'fs·et·r'raemn··-
904 347 937 399 ··
1037 349 1122 445 aro

53 521 519 622 instituliauitar-r'nitiori's
535 531 778 630 religionibus
795 531 961 622 etsacrir,
976 522 1121 614 animoa
1155 619 1158 626 ,

53 640 100 714 ad
124 639 387 721 humanitatem
409 645 465 720 illi
483 644 683 727 adduxiiie
688 660 766 728 cta
790 647 930 724 feritate
956 645 1120 724 auocaffe

59 771 274 842 narranturt
319 759 407 834 hinc
434 759 559 836 landes
588 757 780 850 Chironis,
821 757 909 861 qui,
945 763 1146 864 iusiifflrrar'

56 891 140 941 unus
156 860 211 966 *‚)
243 871 366 948 coiere
388 873 580 963 iustitiam,
617 857 726 950 fidem
752 875 904 952 datam
893 891 1121 974 iuratumque

53 980 217 1072 seruare,
246 986 411 1085 deosque
429 987 551 1062 colere
571 987 765 1082 dolueram
801 987 890 1067 huno
907 987 1001 1066 fama
1026 989 1123 1066 mul
1230 1043 1232 1055 r

54 1109 181 1172 torum
205 1097 360 1176 heroum
376 1123 419 1178 ac
443 1100 666 1200 sapientum·
692 1101 794 1202 quod
816 1102 1086 1180 rhodiorum
1084 1119 1121 1182 et
1206 1109 1232 1210 ',

52 1232 275 1309 pugnarum
290 1214 543 1292 furoribusad
569 1217 876 1294 mitioremriram
894 1217 1123 1300 adduxerant

54 1326 266 1422 populares.
324 1323 379 1404 Ita
407 1345 529 1406 autern
554 1329 627 1406 fert
651 1331 942 1419 naturanollre,
972 1339 1019 1406 rt·
1035 1353 1126 1431 pro·.
1196 1325 1198 1333 ’

53 1441 181 1516 nioret
198 1437 306 1520 sumus
324 1443 454 1552 animio
472 1443 672 1542 studiisque
686 1444 732 1520 ad
746 1446 950 1541 antiquiora
966 1448 1126 1548 quaema-

52 1553 222 1631 miranda
241 1565 277 1631 et
292 1553 483 1646 laudanda,
512 1559 597 1657 qaia
617 1555 651 1633 se
674 1557 935 1636 commendant
949 1558 1123 1636 suauitate

53 1667 180 1766 aliqua
205 1669 362 1745 mirabili
380 1669 663 1770 ¹fimpiicitatis·,.'
687 1671 867 1772 ad'quam
896 1672 933 1746 in
956 1669 1039 1772 iplis
1063 1672 1123 1748 hia
1208 1763 1210 1770 Ι
1238 1682 1241 1693 ’

54 1784 153 1856 ritae
177 1783 395 1882 corruptelis
421 1785 597 1883 generosa
621 1788 773 1886 quaeuis'
801 1785 945 1862 indoles
968 1787 1123 1884 pronior

55 1896 126 1983 est,
146 1917 266 1996 ‘quarn
288 1897 403 1997 vulgo
425 1901 594 1978 creditur.
652 1897 809 1978 inuenta
824 1899 909 1976 sunt
929 1901 975 1976 ab
990 1898 1123 1978 iisdem

54 2008 233 2086 heroibus
251 2013 345 2087 vitae
360 2011 480 2088 coitus
495 2011 708 2114 primordia,
723 2025 764 2090 vt
778 2013 932 2092 euersuri
940 2011 1122 2090 adsuesce.

54 2137 140 2198 rent
158 2139 195 2200 et
215 2125 417 2202 abhorrere
440 2125 620 2204 discerent
645 2125 936 2215 homines-eum,
963 2129 1027 2226 qui
1044 2125 1137 2210 sau··

57 2237 174 2335 guine
194 2235 280 2315 eilet
303 2239 478 2332 infellus3
511 2253 550 2316 vt
570 2238 707 2318 [celesti
726 2239 978 2339 intelligerent
996 2239 1029 2316 se
1045 2235 1122 2338 pia?

54 2346 338 2454 colonitiae)
366 2355 601 2442 contrahere,
633 2354 835 2432 inmotos
857 2369 893 2430 ιι
911 2349 1171 2456 eructuans,-
1310 2305 1311 2344 ¹

56 2465 233 2564 religioiis
250 2467 380 2544 ritibus
398 2467 645 2569 expiandum3
680 2467 793 2546 iidem
818 2463 1009 2558 iniierunt,
1040 2489 1129 2566 para

56 2603 142 2656 cere
163 2571 773 2686 supplicibua‘(inirarr),·,hospitii
791 2581 869 2658 iura
884 2579 1041 2666 seruare,
1070 2577 1122 2656 se·
1166 2596 1184 2616 ²·
1309 2595 1310 2613 ι

56 2694 229 2793 pulturae
259 2696 477 2792 religionem
507 2693 699 2771 custodire.
757 2689 831 2770 'Per
859 2695 1008 2770 inuenta
1033 2693 1123 2773 haec

53 2808 89 2886 se
108 2809 270 2885 meliotis
294 2811 388 2884 ritae
403 2805 517 2891 initia,
543 2807 721 2908 societatis
731 2821 782 2885 et
794 2808 1030 2886 humanitatis
1051 2807 1124 2906 pris

54 2923 213 3011 mordia,
234 2922 424 3000 ciuitatum
441 2911 483 2996 ac
500 2923 854 3022 rerumpublicarum
872 2921 1122 3020 fundamenta,
1146 2919 1149 2933 ¹

55 3037 227 3114 omniunt
251 3059 375 3114 rerum
404 3035 654 3114 bonarum'ac
677 3036 919 3116 iucundorum
951 3030 1121 3124 stadum,
1164 3057 1187 3088 ·‘

54 3173 128 3227 vna
145 3171 230 3226 cum
250 3149 310 3250 ipe
326 3149 535 3238 meliorum,
562 3148 750 3228 illusarum
768 3145 949 3238 beneficio
963 3158 1122 3243 accepta,
1153 3141 1156 3152 ’

54 3263 192 3341 habete
216 3265 382 3342 ferebant
403 3279 563 3356 reterer3
601 3259 717 3339 Mufie
742 3257 864 3338 omnis
887 3259 1123 3338 humanitatis

56 3377 202 3456 cultum
223 3381 376 3478 eiusque
391 3378 575 3452 lenocinia
591 3389 636 3451 ιι
656 3387 889 3463 ornamenta,
915 3373 1124 3456 iucundita-

56 3505 112 3567 tee
136 3505 173 3568 et
197 3489 482 3576 obleilamcnta,
511 3489 678 3568 deberi.
1147 3553 1157 3560 .

170 3603 279 3698 Quae
296 3629 380 3682 cum
401 3605 458 3680 ita
473 3601 560 3692 srot,
587 3601 679 3704 quid
698 3623 719 3680 a
736 3601 856 3690 nohis,
888 3603 953 3702 qui
970 3602 1014 3678 iis
1032 3549 1125 3680 teni

54 3719 212 3820 poribus
235 3721 310 3794 nati
328 3719 473 3808 sumne,
501 3717 656 3815 quibus.
680 3714 881 3796 litterarum
901 3737 946 3792 ac
966 3713 1124 3811 discipli

57 3855 189 3916 narum
205 3832 310 3911 cultu
326 3845 364 3910 et
378 3831 608 3931 expolitione
623 3825 668 3914 ad
682 3841 827 3908 tantum
840 3827 1021 3928 fastigium
1038 3849 1125 3926 pro·

55 3944 182 4047 greffa,
202 3945 391 4024 abiedlis
366 3969 422 4036 us,
441 3962 536 4046 quac
552 3942 745 4072 radiorum
764 3943 985 4028 hominum
976 3961 1125 4036 ungenta

790 4093 795 4102 ·
877 4135 879 4145 ,
962 4053 1129 4139 mulcere
1264 4067 1271 4082 '

97 4191 337 4275 θ).διιιιιιόιίιιος
350 4190 538 4280 Κιιιιιόριιν.
572 4192 659 4260 loen
675 4187 902 4278 φιλᾶνθρωῐθσ·
976 4165 1011 4302 ’,ι
1053 4183 1061 4200 ”
