2644 4746
75 299 79 304 Ι
164 461 169 470 ,
215 357 298 476 156
353 295 542 452 Liberior
564 315 790 477 populorum
812 387 908 454 raro
924 385 1009 448 rum
1031 301 1217 480 erpetiuto

210 567 329 648 tuam
345 567 572 660 ciuitatibns3
609 565 667 643 sed
684 563 814 644 fadum
831 563 868 642 id
885 589 968 641 enm
987 565 1024 639 in
1047 555 1216 664 modum,
1232 579 1262 644 rt

210 696 318 764 tanto
341 687 516 762 maiorem
531 683 747 760 humanitati
771 681 941 758 iniuriam
969 681 1040 756 hoc
1063 683 1141 777 ipio
1167 671 1284 770 infer?

142 779 149 796 ⁶
208 812 313 888 rent,
339 823 423 876 cum
444 809 599 896 autnon
624 794 703 874 satis
722 793 864 872 vaiidos
892 792 926 872 se
949 787 1016 868 eise
1041 793 1209 870 viderent
1229 793 1266 870 ad

209 913 341 1010 iugum
358 909 666 1018 imponendum.⁸
689 923 752 986 aut
776 908 1034 995 imbecilliores
1058 907 1120 984 i'eu
1140 908 1264 984 viribus

131 1021 135 1026 ’
207 1025 270 1104 stu
299 1029 456 1124 ingeniis
485 1027 533 1102 ita
556 1025 593 1098 in
621 1023 697 1100 inan
720 1039 839 1124 parter
862 1025 1063 1109 traherent,
1106 1038 1178 1098 aut
1211 1047 1264 1098 eor

208 1138 381 1216 aduersus
398 1151 567 1238 potenter
589 1137 763 1230 dominor
786 1139 1032 1222 concitarent,
1066 1116 1179 1224 mox,
1216 1137 1266 1212 nbi

206 1251 272 1352 ipfi
288 1252 367 1330 satis
385 1253 524 1330 viribus
543 1253 724 1340 valerent,
741 1268 883 1352 praeter
903 1253 1065 1328 nominis
1081 1255 1268 1328 vanitatem

49 1451 53 1458 ,
119 1405 126 1442 :
161 1423 169 1436 .
205 1366 300 1443 nihil
323 1389 370 1444 ex
390 1365 558 1446 libertate
575 1367 826 1474 relinquerent
842 1357 899 1462 aa),
925 1449 929 1457 ,
960 1361 1094 1443 Eadem
1111 1387 1196 1439 cum
1217 1389 1269 1440 ne·

205 1481 323 1578 quitia
352 1497 392 1561 et
419 1480 616 1560 calliditate
648 1477 778 1556 Graeci
811 1479 902 1554 olim
929 1479 1043 1570 rideri
1083 1479 1269 1553 voluerant

202 1591 411 1675 libertatern
429 1594 613 1676 restituere
629 1595 858 1676 ciuitatibus.
890 1589 1171 1694 Lacedaemonii
1194 1597 1269 1690 qni·

203 1705 291 1782 dem
305 1712 517 1810 optimates,
538 1707 771 1788 Athenienses
792 1705 1006 1806 popularem
1026 1710 1267 1806 principatum

201 1819 383 1901 fouendo.
464 1818 598 1896 iisdem
629 1821 766 1901 artibus
796 1817 1098 1922 perniciofiffimir
1129 1817 1268 1918 graiiati

199 1932 287 2010 sunt
305 1957 407 2032 reges
428 1931 700 2022 Macedonum,
731 1937 796 2032 qui
813 1933 1011 2012 Alexandri
1034 1933 1268 2010 hereditatem

200 2059 486 2147 occupauerant.
547 2046 702 2126 Nouum
719 2047 851 2128 fartum
877 2045 1114 2126 ludibriuma
1137 2047 1267 2126 Roma·

196 2162 256 2238 nie
281 2163 322 2238 in
348 2185 416 2250 eo,
464 2179 503 2238 rt
534 2161 649 2252 modo
674 2163 879 2242 adimerent
910 2162 1116 2239 libertatem
1156 2163 1266 2238 modo

195 2275 455 2352 concederent
523 2273 651 2356 Multo
680 2278 797 2352 maior
824 2290 945 2352 tamen
984 2275 1116 2350 iniuria
1143 2297 1269 2354 cumu-

195 2387 268 2466 lata
295 2391 335 2464 in
361 2383 548 2490 populos,
591 2411 675 2470 cum
703 2414 755 2466 eor
778 2389 926 2465 ttintan
953 2391 1002 2466 uti
1034 2391 1152 2492 nescire
1173 2392 1269 2466 dice-

190 2513 299 2589 rent,
323 2523 420 2604 quos
436 2503 475 2582 iu
494 2501 706 2610 seruitutem
729 2503 893 2587 detrusos
910 2503 972 2612 ipfi
987 2507 1075 2586 omni
1088 2503 1269 2586 liberaliore

187 2613 481 2724 [resumerent.

309 2779 358 2862 At
377 2781 488 2856 iidem
507 2777 667 2860 Romani
683 2779 774 2878 quid
795 2779 943 2860 tandem
964 2783 1014 2874 eii
1038 2806 1116 2884 quo
1134 2783 1271 2884 poffint

195 2891 314 2968 rideri
329 2891 395 2990 ipfl
412 2891 581 2968 libertate
597 2892 751 2982 meiius,
779 2916 890 2992 quam
910 2900 1072 2994 barbari,
1104 2899 1152 2975 vii
1171 2897 1267 2979 effe?

190 3003 414 3088 stelionibus
430 3005 527 3082 inter
546 3002 581 3082 ie
604 3019 642 3086 et
659 3004 897 3104 seditionibus
914 3013 1039 3107 agitati
1058 3025 1096 3088 et
1115 3013 1271 3091 distracti

189 3118 232 3202 iu
251 3117 348 3194 bella
367 3117 512 3206 ciuilia,
552 3131 589 3196 et
604 3140 670 3220 per
690 3118 781 3200 haec
799 3123 837 3196 in
864 3123 1160 3210 dominationem
1178 3151 1271 3228 pau·

190 3251 337 3320 corum.
355 3229 830 3332 tandem.vnius,tanqnam
853 3235 1272 3328 commentatiunc-

190 3341 291 3424 bant
352 3339 469 3428 Mox.
502 3367 588 3424 cum
614 3347 653 3422 iu
686 3341 875 3428 Caesarem
897 3356 1131 3434 coniuratum
1167 3352 1268 3443 effer,

187 3449 326 3536 ututur
348 3467 387 3534 et
410 3457 523 3537 ceteri
554 3453 714 3538 Caesarie
739 3461 963 3562 percussores
993 3468 1126 3548 eodem
1150 3468 1270 3550 modo

93 3604 96 3612 ·
188 3585 270 3669 quo
292 3565 453 3650 barbrn.
484 3569 1027 3670 quossupramemorauimus‚
1046 3597 1269 3679 peccarunt3

186 3676 282 3760 nihil
299 3679 399 3758 enim
415 3693 501 3756 ante
516 3682 617 3782 apud
642 3684 677 3759 ie
694 3685 774 3766 satis
801 3692 1040 3770 constitutum
1067 3695 1270 3784 habebant,

188 3785 342 3874 Caesare
366 3791 510 3874 [ublato
532 3800 729 3897 quomodo
753 3781 863 3887 rebus
887 3819 1087 3899 uterentur.
1111 3879 1120 3924 ι
1146 3807 1269 3888 Porro

741 3949 748 3958 ·
1128 3945 1268 4001 rerum

249 4125 283 4206 ·)
303 4111 560 4208 arne'rpnnara·
576 4127 630 4190 ru·
645 4129 677 4194 n
691 4131 817 4196 aaran
831 4131 920 4198 Anae
935 4139 1064 4204 nomana
1077 4111 1265 4222 surram.

297 4227 491 4290 aeremitae,
505 4205 667 4292 sociarunt
680 4215 961 4300 oesoedmatarum
977 4219 1102 4290 urbium
1120 4225 1264 4291 nomina.
