2742 4732
266 375 328 438 ex
348 348 420 440 Gr.
430 267 705 468 ΙΓΓΓΓΓΓΓΓΓΓΓΓΓΓΓ
708 347 799 510 laps.
828 284 987 462 ΓΓΓΓΓΓΓΓΓ
1085 369 1166 468 507
1140 275 1206 452 ,Ι

91 554 187 634 lium
213 473 417 634 studiorum
446 569 556 632 notae
578 557 717 632 inustae
757 556 874 633 deleti
902 555 1060 691 pellunt.
1119 558 1169 640 ΑΓ

90 670 236 749 Romae
256 671 433 754 discordia
453 687 552 749 mota
569 681 644 747 erat
657 675 752 748 inter
775 673 872 748 ΓΓΓΓΓ
895 676 1038 771 magnis
1054 673 1168 752 rebus

70 823 74 833 .
91 779 282 884 gerendis
288 801 323 861 et
343 787 578 861 meditandie
591 785 777 873 adsuetos,
803 787 992 884 genemsis
1009 787 1167 865 lenllbue
1210 825 1216 834 ·

89 901 280 987 innume,
312 903 404 974 etin
427 889 642 998 ipsoluxu}
656 914 770 998 opum
791 899 1014 1000 prolusione,
1047 901 1171 980 domi·

89 1005 207 1090 nandi
222 1014 441 1114 cupititate,
468 1012 652 1113 supetbia,
675 1033 797 1096 tamen
817 1037 994 1114 magnum
1011 1015 1170 1118 aliquid.¹

89 1127 213 1207 audax
225 1184 244 1216 ,.
268 1127 494 1216 animosum,
525 1129 751 1226 intrepidum
780 1129 967 1228 'spitantee
1000 1161 1021 1194 ·-
1043 1127 1170 1206 Inerat
1230 1109 1255 1194 s

91 1239 197 1326 dinis
220 1241 394 1342 fanisque
418 1245 606 1340 gannitum,
634 1245 711 1318 n'nn
728 1243 791 1318 illa
810 1243 940 1320 lenitas
965 1257 1002 1320 et
1024 1247 1166 1320 vanitas
1185 1265 1208 1298 ··
1240 1321 1242 1333 ,
1273 1326 1277 1336 ,
1368 1233 1369 1242 ¹

87 1357 314 1434 friuolorum
344 1355 827 1456 ingeniorumlinguaeqne
846 1351 1169 1456 veteratoriaproi
1239 1353 1248 1364 '

87 1473 237 1548 cae-nm
294 1469 332 1549 Si
352 1485 521 1548 veru'eas
539 1467 670 1570 paries,
699 1477 791 1570 quas
806 1473 998 1548 inferiores
1007 1472 1162 1550 'somena
1296 1473 1300 1490 ’

61 1575 165 1660 'else
182 1585 324 1675 voluit,'
358 1583 650 1675 confideremus,
672 1607 779 1686 'quos
808 1601 1043 1686 quantosque
1071 1589 1178 1664 ΓΓΓοΓ
1228 1657 1232 1664 .

90 1701 132 1786 in
159 1703 461 1780 lit'mem'oratos
493 1698 669 1798 legimus!
721 1697 768 1776 Et
790 1701 829 1774 in
858 1698 950 1802 ipsis.
972 1699 1171 1777 sceleribus

89 1817 156 1890 vbi
172 1815 259 1891 tulit
283 1829 378 1891 aetas
403 1815 521 1891 nostra
545 1813 706 1915 aliquem
726 1811 905 1908 Catilinae
924 1813 1077 1890 similem
1105 1827 1169 1891 aut

36 1923 241 2006 ''Sullaei
287 1931 349 2004 vbi
372 1929 454 2004 sunt
477 1933 573 2004 anter
601 1930 728 2004 exules
753 1951 929 2028 quicum
949 1926 1169 2016 Catonibus.
1231 1963 1239 1980 =
1368 1997 1369 2004 Γ

59 2042 362 2160 Scipionibus,
387 2041 570 2128 Metellis,
612 2047 816 2142 comparari
842 2040 993 2172 possint!
1053 2039 1172 2140 Legat
1240 2047 1245 2055 ⁴

89 2139 226 2255 aliquia
248 2154 455 2258 epiliolasa
482 2151 663 2233 Cicerone
690 2172 726 2232 et
751 2158 885 2231 amicis
905 2151 1014 2232 in'ter
1028 2157 1180 2250 belllam'

91 2271 205 2348 ciuile
235 2270 271 2348 e't
294 2273 403 2352 exitia
429 2271 597 2368 scalptas,
633 2293 729 2370 quos
753 2269 873 2346 sensus
892 2269 1074 2358 excelsos
1102 2271 1171 2347 nii·
1193 2269 1200 2282 ”

93 2387 249 2476 nabiles,
266 2388 458 2484 ingeniis
489 2396 556 2483 per
584 2385 721 2460 litteras
757 2387 872 2462 bonas
906 2384 942 2462 e't
977 2384 1171 2484 sapientiae

92 2501 220 2578 liudia
232 2501 390 2590 excultis
419 2500 554 2597 dignos
580 2498 761 2598 reperies!
808 2500 886 2576 vbi
904 2520 1006 2577 nunc
1036 2498 1172 2574 horum
1225 2555 1232 2566 ,
1306 2527 1308 2535 Γ
1368 2515 1369 2526 ¹

93 2613 210 2690 simile
236 2592 383 2714 'aliquid
421 2612 599 2690 vidimus!
669 2614 809 2690 Adeo
800 2636 838 2688 m
869 2635 1001 2712 magna
1032 2608 1169 2688 caussae

92 2723 365 2806 similitudines
362 2751 485 2805 umma
502 2742 624 2804 tamen
645 2729 694 2804 eli
709 2751 754 2802 ex
772 2727 989 2814 hominum,
1023 2749 1172 2801 eorum·
1240 2767 1243 2780 ·

94 2866 170 2942 quc
186 2845 421 2941 ingeniorum
439 2859 637 2918 etmorum
652 2840 953 2929 ΓΓΓΓΓΓΓΓΓΓΓΓΓΓΓΓΓΓΓΓΓ,
972 2839 1170 2916 diuersitas.
1260 2861 1261 2865 ‘

92 2955 209 3033 Vitlls
240 2957 374 3034 demde
397 2949 512 3034 Bruto
535 2973 572 3032 et
594 2953 732 3044 casso
773 2979 838 3055 per
862 2979 992 3032 omnes
1018 2957 1172 3052 prouin-
1251 2959 1263 2981 ‘'

94 3073 170 3148 cias
188 3046 332 3178 exailae
355 3074 531 3204 pecuniae
556 3083 593 3147 et
616 3072 654 3145 in
675 3067 778 3146 ltalia
803 3051 908 3146 diuisi
934 3072 1030 3144 inter
1054 3067 1172 3165 legio

93 3209 161 3262 nes
180 3189 257 3286 agri
274 3207 358 3262 cum
382 3182 536 3274 iniuriis,
556 3187 814 3260 vexationibus
832 3198 869 3260 et
886 3166 1171 3288 direptionibus,
1235 3253 1238 3260 ,
1350 3204 1356 3213 ·

55 3333 59 3344 ·
94 3299 362 3400 quibussimile
388 3301 477 3398 quid
504 3297 606 3375 nulla
629 3298 722 3376 vidit
741 3313 849 3377 aetas.
908 3295 1174 3383 Praeluithuic
1203 3385 1208 3393 ,

93 3417 277 3492 atrocitati
293 3411 387 3492 Cae
383 3437 421 3490 ar
437 3411 683 3507 Ollamanus,
711 3435 778 3512 qui
798 3413 907 3490 ettam
923 3433 1013 3488 mox
1031 3407 1173 3488 Perusia
1275 3419 1286 3436 '
1368 3425 1369 3500 l

95 3531 262 3639 captain
292 3528 473 3628 plurimos
503 3528 783 3620 animaduertit3
827 3553 924 3604 orere
948 3523 1177 3612 veniam,vel
1244 3553 1246 3567 ·

95 3645 249 3746 excusare
260 3645 297 3747 se
313 3645 520 3726 conantibus,
547 3667 616 3718 vnn
632 3667 707 3718 voce
721 3669 910 3718 occurrens:
935 3638 1176 3718 moriendum

96 3755 208 3834 elle.
238 3755 341 3835 idem
359 3761 484 3834 tamen
510 3754 682 3889 posthaec
703 3757 747 3832 ad
768 3757 1006 3834 humanitatis
1029 3749 1174 3830 sensum

95 3867 239 3950 rediisse
256 3871 349 3949 'visus
376 3871 437 3961 est
467 3873 601 3971 primo,
632 3871 746 3948 Sexto
766 3865 946 3970 Pompeio
964 3867 1175 3968 piolligato,

96 4009 184 4064 cum
206 3989 316 4066 etiam
341 3985 414 4064 ana
437 4001 474 4062 et
488 3985 628 4062 litterae
648 3983 866 4062 Senatorum
884 3983 930 4059 nd
952 3980 1173 4082 Pompeium

98 4079 220 4238 datae,
259 4115 300 4180 vt
324 4113 448 4218 erant,
493 4108 565 4180 nec
599 4111 762 4204 apertas,
804 4101 845 4178 in
881 4097 966 4176 foro
996 4091 1196 4196 spetiante‘

998 4207 1200 4313 populo

1366 4257 1369 4374 l
