2714 4726
240 276 325 398 458
351 220 354 232 Ι
434 280 634 412 Certamen
659 225 886 372 litterarium
915 307 953 369 u.
977 275 1088 372 XCI
1090 276 1140 373 V.
1166 320 1167 331 ι

295 488 559 589 Romanosque
585 487 773 585 scriptores
794 488 971 588 quaedam
990 486 1176 562 subtiliter
1193 488 1302 585 dispu-

168 699 174 712 .
297 617 367 680 tata
386 629 560 682 occurrat
567 617 599 696 t
630 603 889 701 diligentiam
880 627 917 677 ιιι
939 605 1200 700 antiquiorum
1220 603 1302 676 litte

295 741 416 796 rarum
443 720 566 794 studiis
589 719 769 817 probandi
791 719 1050 818 opportunitas
1076 715 1183 794 haud
1208 717 1301 792 facile

176 901 181 912 .
296 811 569 911 desiderabitur.

345 1037 598 1136 ,Constitutum
618 1061 666 1135 esl
686 1061 726 1136 in
745 1053 903 1159 singulas
921 1057 1156 1162 quaestiones
1182 1083 1302 1134 nunno·

105 1169 109 1191 '
226 1188 318 1252 'rum
338 1187 532 1252 aureorum
549 1171 669 1252 XXV
691 1181 896 1275 praemium
924 1199 944 1248 e
964 1175 1187 1250 liberalitate
1202 1173 1301 1270 Regis

114 1347 116 1359 .
238 1288 479 1387 llugullissnni
504 1289 626 1365 nollri.
703 1287 920 1366 Exhibenda
952 1289 1034 1364 sunt
1061 1287 1196 1390 scripta
1230 1309 1301 1361 ante

235 1399 418 1506 Kalendas
433 1403 592 1502 Apriles:
622 1425 716 1502 quae
738 1405 967 1506 utbreuitate
980 1403 1012 1479 se
1027 1405 1301 1488 connmendem,

236 1518 433 1661 diligenter
457 1519 526 1595 erit
550 1518 761 1614 videndum.

313 1739 511 1834 Videtis,
539 1743 842 1833 commilitones,
874 1769 939 1822 vos
952 1745 1123 1834 habere,
1162 1747 1202 1820 in
1232 1768 1302 1844 quo

235 1861 383 1958 ingenia
410 1863 519 1936 veslra
545 1863 766 1944 exerceatis,
801 1857 986 1953 doetrinae
1014 1875 1052 1938 et
1071 1859 1299 1957 proseiiuum

234 1973 428 2091 specimina
444 1975 580 2062 edatis,
609 1989 645 2049 et
665 1975 756 2073 quid
776 1977 886 2060 vires
918 1998 1009 2074 quas
1030 1990 1159 2050 natura
1178 1973 1267 2070 larg
1236 1993 1301 2046 σιιι

231 2081 327 2170 erae
359 2085 497 2178 serant,
529 2083 703 2188 quorsum
722 2088 912 2220 dirigenda
938 2087 1007 2164 smt
1033 2090 1184 2165 studia
1174 2112 1213 2164 m
1241 2112 1299 2186 po-

234 2206 369 2281 sterum
386 2205 497 2278 velita
520 2217 558 2278 et
574 2201 734 2289 consilia,
748 2205 1008 2318 emperiamini.
1071 2201 1218 2279 Habete
1237 2205 1301 2278 hoc

135 2348 139 2362 ·
232 2323 274 2394 in
300 2341 431 2415 magna
451 2318 636 2396 felicitatis
662 2333 783 2416 parte,
829 2319 1151 2417 opportunitatem
1184 2319 1298 2392 datam

229 2431 323 2516 else.
345 2434 496 2530 quibus
521 2431 715 2530 explorare
748 2431 855 2508 liceat
886 2431 1068 2507 naturales
1099 2432 1299 2518 luculenter,

231 2551 392 2622 excitare
414 2540 598 2643 igniculos
625 2559 662 2654 qt
683 2545 911 2642 intelligere,
946 2547 991 2620 ad
1014 2547 1120 2644 quod
1146 2549 1300 2642 quisque

230 2682 258 2737 a
272 2677 398 2739 natura
419 2659 529 2736 saslus
548 2661 609 2747 sit,
628 2657 718 2757 quid
734 2660 828 2734 boni
844 2683 928 2736 cum
947 2658 1005 2756 spe
1025 2658 1204 2736 successus
1222 2685 1301 2757 pro·

228 2775 350 2872 sequi,
379 2787 416 2848 et
434 2773 529 2848 vnde
545 2773 702 2848 laudem
721 2771 924 2871 aliquando
949 2772 1013 2848 fibi
1033 2773 1141 2872 possit
1163 2797 1298 2872 parare.

232 2885 432 2964 Teritaudo
457 2901 494 2962 et
512 2885 744 2985 experiundo
770 2887 1009 2986 intelligitur,
1052 2885 1299 2963 habeamusne

229 3025 291 3096 ea„
313 3023 406 3100 quae
426 3000 633 3090 didicimus,
661 3003 699 3074 in
718 3015 890 3100 promtu,⁴
912 3002 1000 3078 sintne
1015 2999 1087 3075 sida
1108 3006 1300 3087 memoris,

230 3116 410 3192 iudicium
443 3113 594 3204 subtile,
642 3130 680 3190 et
714 3114 883 3212 sagacitas
922 3115 977 3190 ad*
1000 3115 1229 3192 ordinandas
1264 3139 1300 3190 ac

230 3227 474 3326 disponendas
500 3248 575 3318 res,
595 3325 600 3334 .
617 3227 717 3325 sique
740 3229 803 3303 illa
837 3229 1014 3316 adsuerit,
1059 3253 1105 3304 an
1133 3234 1300 3306 oratione

229 3341 310 3418 satis
340 3343 525 3424 valeamus
554 3343 598 3418 sd
632 3343 725 3416 bene
751 3341 1044 3441 eloquendum..
1101 3339 1239 3444 ltaque
1269 3363 1300 3418 et

130 3545 134 3570 Ι
229 3451 294 3550 ille
335 3451 407 3536 fibi
438 3477 612 3551 maguum
644 3453 800 3530 sruslum
832 3451 1041 3555 assequutus
1082 3454 1153 3532 elle
1189 3461 1299 3534 videri

230 3569 350 3654 debet,
381 3569 447 3666 qui
463 3569 580 3642 calide
599 3581 736 3644 tentata
754 3575 1011 3669 experimento
1029 3570 1122 3646 saslo
1140 3577 1300 3671 pruden-

182 3687 187 3700 '
227 3697 291 3760 ter
313 3701 403 3757 mox
432 3679 673 3776 relinquenda
692 3681 768 3758 'sibi
799 3681 867 3763 esse
896 3685 1143 3777 intellexerim
1189 3689 1297 3763 modo

229 3795 385 3873 dandam
410 3792 474 3872 fibi
492 3792 560 3869 esse
586 3817 738 3893 operam
762 3797 1004 3897 perspexerit,
1032 3811 1071 3872 vt
1087 3807 1153 3876 adt
1172 3800 1297 3877 dotlri

122 3930 125 3942 ·
217 3927 298 3986 'nae
317 3908 377 3985 seu
402 3909 565 3986 melioris
589 3907 670 3984 seu
672 3914 820 3990 nlaioris
844 3913 907 4026 libi
934 3913 1060 4014 copias
1088 3931 1215 4013 paret,
1243 3927 1296 3989 aut

224 4025 275 4100 ed
295 4024 375 4102 alia
393 4024 557 4105 unicium
584 4023 757 4124 applicet.

1234 4141 1291 4218 llis
