2672 4746
54 349 56 357 ·
196 303 300 410 8:
330 347 353 399 ,·
379 387 395 414 „
429 335 432 343 ’
469 291 640 390 Munus
666 291 806 408 ingenii
849 267 1004 386 lunoni
1127 249 1135 270 ⁸

199 508 263 586 hic
276 487 433 596 l’trrtet‘ta¹
455 512 637 590 mutetur,
656 487 845 598 --qu'otque
859 482 992 586 'sororia
1012 493 1215 612 figurisque
1236 507 1274 572 et

188 619 268 698 nbi
283 617 349 720 ipst
367 616 646 728 illamentiatur
660 625 698 690 et
718 635 809 690 tero
820 613 915 690 alios
932 610 1044 690 sallat.
1104 607 1162 688 Eli
1179 613 1273 688 inter

200 735 295 814 haec
310 731 475 810 sollenne
491 727 606 816 illud,
634 725 863 822 ocellorum,
890 727 1027 826 qulbus
1051 725 1157 801 aliter
1175 724 1275 802 tidr-

202 865 282 935 tur‚
308 845 486 922 iudicium
502 841 648 932 eleues,
675 861 833 919 acumen
851 839 1044 928 obtusum,
1071 837 1273 916 doslrlnam

205 955 600 1048 litterarum‘nullarn,
648 955 800 1034 accuses.
880 950 1118 1036 clemenciae
1139 942 1208 1042 est,
1251 950 1278 1028 fi

204 1069 585 1170 hominladoilrlnanr
605 1069 645 1148 in
659 1071 789 1150 ceteris
804 1070 918 1148 'rebus
935 1065 1116 1146 concedas
1133 1063 1202 1142 elle
1220 1066 1277 1142 in·

141 1179 168 1294 f
204 1189 357 1288 figncm,
369 1200 433 1262 aut
449 1163 558 1262 eliam
574 1183 619 1262 ad
637 1184 780 1266 caelum
798 1181 925 1261 asseras
940 1181 1133 1274 laudibus;
1149 1179 1278 1258 doleas

182 1307 347 1386 'tamem
376 1303 416 1376 ln
431 1297 643 1388 nonnullis,
681 1313 719 1382 tt
737 1311 887 1376 naturae
904 1297 1087 1374 numanae
1109 1293 1280 1372 imbecil-

204 1415 286 1497 litas
304 1414 393 1502 lert,
418 1427 481 1490 aut
497 1436 567 1489 vna
586 1415 623 1488 in
645 1435 704 1500 te,
733 1437 818 1490 eum
835 1413 1041 1501 caecutire,
1074 1409 1211 1504 scillcet
1236 1409 1279 1484 ln

205 1553 271 1632 eo,
316 1527 459 1628 quoda
484 1529 557 1606 tuis
586 1527 751 1626 partibus
773 1527 861 1603 stare
883 1527 1015 1602 tenuia
1087 1523 1182 1600 Sunt
1210 1523 1280 1621 qui

206 1623 480 1756 quaestionem,
511 1643 551 1718 in
576 1664 649 1742 qua
670 1642 704 1718 ie
730 1641 888 1718 aliorum
914 1638 1081 1738 suffrag-la
1104 1637 1278 1718 obtinere

205 1779 286 1837 non
304 1751 403 1856 polle
428 1753 573 1840 rident.
608 1766 786 1854 nuquam
809 1777 940 1832 vanam
964 1765 1002 1830 et
1026 1755 1175 1828 inanem
1202 1749 1281 1826 ele-

62 1975 68 1984 ·
138 1877 140 1882 ’
206 1883 313 1948 vent:
338 1867 471 1948 melius
493 1871 619 1970 vtique
637 1887 675 1948 et
695 1864 934 1969 prudentius,
970 1889 1081 1967 quarn
1097 1865 1176 1956 illi,
1208 1865 1280 1964 qui

206 1983 459 2084 quaestionem-
475 2004 559 2060 vete
574 2007 702 2060 vanam
719 1997 756 2060 et
771 1986 919 2078 inanem
934 2003 1002 2081 pro
1013 1982 1132 2082 capite
1146 1991 1282 2055 etarce

207 2097 330 2175 omnis
349 2096 540 2197 sapientiae
558 2099 807 2188 constituunt,
828 2117 972 2197 proque
987 2119 1028 2194 ca
1043 2091 1281 2172 defendenda

206 2213 389 2288 exercitus
406 2211 623 2307 conducunt
633 2211 844 2302 ..machinae
858 2224 895 2288 et
909 2219 1093 2287 tormenta
1106 2209 1146 2282 in
1162 2209 1282 2284 muris

150 2343 155 2350 '
205 2324 415 2415 collocant,
444 2327 549 2422 ignes
563 2325 789 2412 accendunt,
815 2336 919 2404 metu
938 2345 979 2400 ac
993 2335 1134 2404 terrore
1149 2323 1282 2398 omnia

204 2437 361 2539 replent
449 2439 597 2537 Scilicet
620 2461 751 2538 magna
785 2460 843 2516 rea
872 2439 1023 2536 agitur:'
1058 2433 1283 2533 disceptatur

100 2571 105 2584 ·
196 2555 336 2644 enim„
355 2549 489 2644 selluc'a
512 2566 667 2632 aventu
689 2551 845 2652 impulsa
873 2573 965 2628 num
989 2551 1029 2626 in
1052 2546 1212 2656 auersam
1230 2572 1284 2624 an

139 2693 156 2772 J
182 2665 246 2743 ‘io
269 2665 454 2746 aduersam
472 2665 524 2743 sui
546 2679 686 2764 partem
704 2664 784 2742 solo
804 2663 903 2742 allisa
925 2662 977 2742 srt.
1020 2683 1023 2692 ’
1044 2661 1099 2742 lta
1122 2659 1284 2740 infinitis
1320 2752 1324 2766 ι

204 2779 330 2856 modia
355 2765 580 2877 superbiam,
623 2775 827 2867 fastidium,
861 2773 1148 2872 miserationem,
1187 2798 1288 2854 con-

203 2903 382 2979 temtum.
412 2891 501 2978 iras.
532 2889 638 2982 odia,
678 2890 850 2983 miscent,
894 2893 961 2994 qui
985 2915 1034 2970 ex
1061 2889 1135 2968 hoc
1162 2891 1289 2970 animi

99 3039 102 3050 ·
204 3006 343 3086 morbo
371 3016 575 3105 aegrotant.
696 3086 700 3095 ,

466 3141 493 3194 r
922 3178 923 3184 a

301 3227 304 3234 ’
320 3229 494 3332 Inprimis
509 3243 743 3366 autevrtes,
760 3231 963 3334 multorunn
983 3243 1020 3308 et
1036 3219 1293 3310 machinatio-

53 3345 58 3352 '
206 3363 273 3424 ner
296 3344 496 3444 grassantur
519 3345 657 3446 scrrptrs
687 3347 868 3436 aliorum,
908 3347 974 3446 qui
1000 3345 1179 3424 diuersae
1210 3345 1293 3426 suo

205 3457 309 3536 sensu
328 3475 364 3546 at
378 3461 515 3538 iudicio
534 3460 701 3550 tradunt,
733 3461 770 3539 io
794 3449 1025 3538 contemtum
1049 3457 1293 3538 adducendis

143 3662 145 3670 Ι
205 3588 269 3674 aut
286 3595 333 3650 ex
351 3571 672 3692 vsu'adspeiluque
689 3573 884 3657 hominum
902 3572 1168 3668 subducendic3
1190 3596 1297 3653 cum

206 3703 336 3764 contra
356 3687 568 3772 luaefflseslae
587 3686 757 3792 nomines
774 3709 979 3788 eorumque
996 3685 1113 3766 libror
1126 3688 1298 3774 summis

81 3877 86 3890 ,
205 3793 377 3886 laudibus
402 3801 594 3882 extollant
670 3801 788 3910 Quod
814 3797 839 3878 n
871 3805 913 3877 in
937 3797 995 3878 hia
1018 3822 1173 3902 quoque
1194 3799 1299 3904 spes

206 3911 365 4014 suscepta
380 3914 571 4008 fefellerit:
598 3938 721 3996 nouae
737 3919 822 4006 irae,
839 3936 940 3992 noua
956 3911 1043 3994 odia
1063 3933 1303 4016 erumpunt.

209 4025 266 4106 Est
281 4029 392 4110 ctiam
418 4053 474 4112 ara
493 4029 621 4134 aliqua
643 4027 845 4120 wexercendi
864 4031 940 4132 ¹iras
972 4053 1040 4131 per
1063 4029 1305 4132 obliquum,

451 4175 458 4187 ¹
972 4181 979 4186 ·
1151 4167 1302 4234 geum
