2742 4732
70 335 75 344 ·
161 339 268 402 ιιι
288 309 360 400 Gr
390 260 643 464 Romanisque
664 297 760 422 ΙιιβΙ
775 255 928 404 cnutus
981 257 1115 453 ⁸..499
1202 329 1208 338 '

18 519 204 620 stirpium
225 520 351 598 lacum
363 469 704 621 propullulautibus
721 475 895 621 tauquam
914 511 1024 600 nouis
1039 521 1115 638 lun

20 635 132 714 culis
152 649 190 712 et
208 629 517 714 viuiradicibus'

150 744 290 849 ipsum
303 749 445 825 bellurn
470 743 800 856 Peloponnesium,
835 745 860 826 u
881 749 937 828 ad
953 751 1113 850 primam

20 865 223 963 originem
260 863 442 952 redimus,
494 883 560 964 per
595 855 723 942 exules
755 863 832 938 fuit
869 867 1112 948 concitatum.

20 977 288 1080 Epidamnus,
312 975 557 1054 seditionibus
575 993 731 1066 renata
752 973 1067 1077 Corcyraeorum,
1090 997 1143 1058 a·
1180 995 1185 1058 ἰ

23 1096 176 1194 quibus
193 1093 344 1170 condita
370 1101 465 1177 etat,
500 1089 641 1175 auxilio
665 1085 791 1196 frulira
815 1091 1035 1192 imploratu,
1065 1091 1125 1172 ad*
1218 1183 1222 1190 ,

24 1205 277 1309 Corintliius,
309 1228 469 1305 quorum
492 1200 654 1304 Corcyra
681 1203 829 1282 colonia
857 1220 950 1295 erat.
981 1208 1115 1290 cuniu-

24 1335 151 1422 gerat.
213 1317 330 1398 Eieila
348 1315 557 1418 Epidamno
575 1317 686 1423 iailio
699 1314 996 1416 'Corcyraeorum
1017 1323 1117 1400 inui-
1212 1305 1238 1368 ἰ

25 1439 136 1516 diam
173 1437 335 1512 concitat
367 1427 718 1532 er'gaJCorinthios.
762 1433 971 1512 succurrere
1008 1435 1114 1514 alteri
1184 1503 1190 1510 .

26 1551 188 1632 fadioni
206 1547 331 1640 ausos3
362 1549 410 1624 ita
429 1545 475 1624 ad
493 1566 590 1622 arma
608 1569 662 1622 res
680 1545 920 1640 est'deduila3
951 1571 1114 1652 cumque
1244 1637 1248 1656 ⁸
1360 1615 1361 1628 ι

27 1663 227 1743 Corinthii
243 1688 280 1738 rc
299 1662 393 1740 male
409 1661 505 1760 gella
520 1663 658 1738 maiore
675 1684 760 1757 cum
777 1677 951 1762 apparatu
970 1663 1114 1742 belluna

27 1792 228 1886 pararent
240 1773 456 1876 Corcyraei
471 1769 709 1862 Athamanes
730 1775 776 1851 de
795 1775 971 1876 suppetns
993 1777 1116 1854 feren·
1176 1753 1223 1860 s
1306 1779 1312 1790 '

30 1897 95 1976 dis
113 1892 319 1990 sollicitant
389 1887 456 1966 Per
479 1888 569 1964 haec
600 1875 673 1965 tam
701 1892 824 1968 tenuia
851 1889 1002 1968 exordia
1026 1891 1115 1970 iada
1181 1920 1202 1955 τ

31 2009 128 2088 sunt
149 2006 283 2084 lemma
314 2001 403 2080 belli
423 1999 701 2100 Peloponnesii
748 2025 826 2104 quo
853 2026 919 2104 per
934 1997 1115 2084 XXVIII
1169 2023 1172 2040 ¹
1265 1966 1274 1988 ’

30 2115 374 2220 annosprotrailo
381 2111 681 2192 totiusGraeciae
696 2116 805 2193 llatus
821 2117 892 2194 luit
908 2115 1115 2209 concussus,
1220 2173 1234 2218 ·.
1312 2201 1314 2213 1

31 2239 190 2315 libertas
223 2229 453 2330 labefaliata,
499 2230 700 2308 multarum
731 2228 921 2310 ciuitatum
947 2231 1119 2313 fortunae

37 2375 131 2430 cuer
133 2349 222 2426 ae
268 2323 418 2458 Quibus
447 2344 626 2444 exemplis
656 2357 774 2444 patet,
815 2339 1045 2446 quantopere
1070 2347 1119 2426 ab
1208 2337 1249 2408 ,¹
1319 2365 1323 2377 ·

32 2467 116 2550 hoc
134 2461 285 2540 exulum
309 2483 445 2560 genere
460 2459 668 2535 cauendum
688 2457 742 2548 fit,
763 2459 866 2560 quod
888 2457 1117 2539 ulciscendae

37 2576 207 2658 iniuriae
226 2577 332 2652 unice
363 2578 547 2650 intentum
578 2573 838 2651 discordiarum
865 2588 910 2668 et
928 2575 1117 2654 bellorum
1155 2666 1158 2678 Ι
1185 2641 1188 2648 ,

35 2689 211 2774 incendia
236 2689 301 2792 pe'r
318 2712 448 2766 omnes
466 2703 577 2765 terras
598 2687 818 2766 circumfert.
859 2687 942 2770 Nec
960 2689 1017 2766 de
1024 2711 1120 2790 pace
1255 2751 1263 2766 .

37 2807 262 2889 conuenire,
291 2821 367 2882 nec
385 2803 457 2879 vlla
476 2825 547 2902 pax
574 2803 691 2901 potest
712 2797 780 2880 elle
802 2803 956 2894 stabilis,
985 2826 1118 2904 quam-

38 2925 108 3002 diu
129 2919 191 3020 ipsi
215 2919 392 3005 habeant,
425 2938 586 3017 quorum
605 2939 709 2994 aures
728 2915 913 3007 abidae,
945 2917 990 2993 ad
1015 2937 1114 3026 quoa
1206 2947 1212 2960 ¹
1243 2985 1255 3000 ‚
1288 2895 1291 2902 ⁴

35 3035 230 3116 accedere
238 3047 275 3109 et
299 3029 464 3110 stimulus
489 3031 751 3130 cupiditatibus
775 3031 928 3112 subdere
953 3031 1116 3112 licuerit.

37 3151 169 3234 Metus
192 3161 314 3224 autem
342 3144 403 3222 hic
432 3145 481 3221 est
506 3159 609 3236 tanto
632 3147 766 3222 certior
787 3147 1008 3245 iustiorque,
1038 3161 1117 3246 quo
1176 3167 1179 3174 ·

40 3267 161 3395 magis
186 3260 380 3339 nobilitate
398 3245 514 3358 stirpis
535 3257 569 3335 se
585 3260 714 3354 exules
739 3259 871 3338 lallant
892 3275 955 3336 aut
978 3263 1117 3360 opibus

40 3401 236 3484 cupasque
255 3390 359 3451 antea
376 3374 590 3450 floruerunt
651 3369 835 3454 Habent
819 3395 917 3452 enim
934 3373 1053 3452 aditus
1068 3373 1116 3454 ad
1173 3397 1177 3405 ·
1251 3409 1256 3422 ·

39 3517 178 3592 reges,
199 3513 241 3566 ac
259 3483 443 3589 principes
469 3493 586 3578 viros,
617 3501 696 3565 ιιιιιι
717 3487 761 3566 ad
781 3487 925 3568 nabiles
943 3489 1116 3582 seminas.

39 3623 212 3714 promtus
230 3627 271 3680 ac
290 3603 446 3702 liberos,
479 3607 572 3678 vitae
588 3601 860 3704 hominumque
881 3603 941 3680 viu
959 3603 1119 3704 expoliti

40 3739 130 3804 curn
157 3719 244 3810 lint,
273 3715 585 3794 commendantia
601 3739 750 3794 motum
766 3719 957 3818 elegantia
978 3716 1116 3796 sermo·
1208 3699 1215 3728 ¹

42 3839 104 3916 nis
123 3835 331 3920 l'estiuitite,
361 3831 553 3909 voluntate
573 3831 618 3906 ad
646 3831 803 3909 aliorum
827 3847 958 3910 nutum
980 3831 1117 3910 inflexa
1144 3891 1151 3899 .
1175 3881 1180 3888 ·
1252 3913 1255 3923 Α

46 3965 113 4032 aut
145 3943 325 4036 fimulita,
373 3939 627 4034 allentatione,
669 3945 881 4041 calumniis,
923 3947 1114 4046 periuriis.

43 4051 201 4170 stupris.
212 4059 436 4201 sceleribus:
470 4085 556 4144 nam
546 4081 664 4254 ιρι
689 4062 728 4139 in
754 4061 901 4143 luxurie
925 4069 963 4139 et
988 4083 1118 4253 porris}-

632 4197 699 4260 ιι
993 4178 1117 4276 ριιι
