2672 4746
141 301 221 391 nlius
243 259 456 411 adcurrseris
481 301 519 388 r'n
541 293 633 410 funs
661 297 828 436 opr'ur'nn..
844 306 1032 424 pertrui.⁸
1076 327 1103 427 3
1196 383 1198 394 .

73 509 110 583 esl
125 507 395 608 opportunitate,
437 497 701 605 agendumque
725 506 944 598 vobiscum.
979 511 1103 606 Cluen.

71 625 157 698 dere
179 621 282 720 aliqua
309 621 355 700 ad
382 615 596 698 communia
620 614 823 700 litterarum
852 623 968 704 lludia
996 635 1105 714 etad

67 759 157 814 curat
167 735 294 813 liberali
307 737 463 834 ingenio
481 735 610 832 dignas
628 731 830 833 spedante,
855 754 1106 844 eremporurn
1147 737 1161 760 “

69 849 233 928 hminum
268 871 465 949 rerumque
507 845 713 926 rationibus
745 848 947 954 caussisque
984 861 1119 948 duda.¹
1208 865 1212 872 ’

69 964 209 1042 riserunt
228 951 345 1042 autem
369 961 442 1063 ipsa
472 975 639 1061 tempora
665 964 971 1065 circumspicienti
995 999 1105 1075 argu.

68 1093 289 1154 mentumrere
306 1077 500 1178 populare,
509 1076 698 1177 quodue-c
714 1075 915 1160 dodrinam
930 1109 1103 1186 magnam

67 1215 122 1268 nec
140 1189 356 1269 subtilitatem
373 1189 569 1280 defiderat,
599 1191 755 1293 dignum
773 1207 915 1286 tamen,
953 1203 991 1276 in
1021 1227 1099 1303 quo

67 1303 266 1383 consumatur
278 1305 434 1383 horulae
450 1304 723 1396 consabulatio,
762 1329 848 1385 cum
865 1311 944 1388 eius
961 1331 1099 1414 pertra-
1161 1307 1167 1329 “
1306 1377 1307 1386 l

68 1419 152 1496 <lario
169 1421 209 1496 ad
227 1419 427 1498 acuendam
442 1419 569 1497 iudicii
588 1421 662 1498 vim
692 1421 731 1496 iu
755 1420 820 1510 iis.
862 1445 957 1524 quae
982 1431 1098 1531 vulgo

65 1532 134 1610 salla
147 1533 319 1626 ridemur,
348 1533 554 1612 iudicandis
576 1536 696 1612 velere
710 1533 817 1634 pulset
831 1557 876 1614 ac
898 1540 1040 1624 debeat„

153 1761 280 1842 lllirum
307 1775 349 1843 et
376 1759 593 1841 incredibile
626 1761 676 1838 est
707 1762 903 1842 hominum
937 1769 1096 1852 studium

60 1875 262 1973 pertrahendi
278 1879 375 1956 aliur
393 1876 439 1956 ad
457 1872 999 1984 assensum—persuasionemque
1017 1891 1100 1988 opi.

60 1992 189 2066 nionum
206 2015 290 2091 quas
309 1989 374 2093 ipfi
393 1991 563 2070 fouemus
574 2015 586 2083 ;
608 2005 731 2068 certat
743 1992 836 2071 illud
853 2015 937 2071 cum
962 2003 1098 2096 quouis

59 2103 116 2178 alio
130 2108 232 2184 animi
248 2107 404 2184 humani
431 2103 580 2194 assellu,
610 2104 763 2205 abitque
778 2108 1023 2199 interdumiu
1040 2112 1099 2192 fu·

57 2240 162 2294 rorem
184 2219 448 2320 insaniamque;
484 2221 534 2296 ita
557 2229 596 2295 rt
617 2241 703 2300 rere
731 2242 799 2320 pro
822 2221 956 2302 morbo
984 2229 1099 2311 animi

55 2329 167 2406 haberi
179 2333 302 2431 possit.
323 2357 368 2412 eo
385 2356 460 2434 que
474 2331 663 2410 insanabili
682 2345 719 2410 et
736 2335 872 2430 eritius
893 2393 903 2416 .
948 2335 1100 2420 'lnsrde't
1136 2357 1140 2372 ·

54 2461 158 2522 aurem
172 2451 323 2526 morbus
342 2447 408 2524 ille
425 2457 529 2522 tanto
545 2445 695 2542 grauior
710 2459 748 2523 et
763 2450 1010 2547 periculosior,
1021 2474 1100 2552 quo
1176 2525 1182 2536 ,

53 2557 153 2634 leuius
161 2561 208 2637 cll
223 2563 337 2640 animi
353 2560 545 2643 iudicium.
557 2577 634 2658 quo
656 2559 773 2656 magia
790 2571 926 2636 temere
944 2561 1103 2664 susceptu
1228 2579 1233 2604 ²
1307 2567 1308 2576 '

52 2676 89 2747 ell
105 2677 246 2774 opinio,
277 2697 434 2778 quoque
457 2675 580 2750 urinus
597 2671 755 2748 ueritatis
778 2687 883 2750 nutas
913 2673 1024 2756 habet
1046 2681 1101 2788 id,
1218 2738 1224 2747 .

54 2790 136 2884 quod
153 2792 261 2868 nobie
280 2813 351 2892 pro
366 2785 556 2866 certissima
575 2789 725 2862 veritate
739 2784 997 2884 persuasimus3
1015 2815 1102 2872 cum

53 2921 168 2988 eontra,
196 2927 278 3006 quo
295 2906 412 3004 magis
431 2925 488 2978 res
504 2899 595 2998 ipsas
612 2899 810 2999 perspedas
830 2899 1028 2993 habemus,
1047 2909 1104 2982 in·
1232 2994 1235 3004 ¹

52 3017 438 3120 zelleximusquequae
458 3018 496 3092 in
520 3016 564 3090 iis
583 3011 793 3112 srntparum
811 3013 914 3091 firma
937 3039 1005 3096 nec
1022 3020 1103 3098 satis

52 3133 241 3228 explorata,
268 3133 453 3234 aquibus·
469 3129 660 3230 principiis
685 3125 839 3208 irlaunt
860 3129 1037 3226 prosella.
1069 3152 1106 3212 et

52 3267 122 3338 aare
152 3249 202 3326 ad
228 3245 446 3324 consensum
476 3243 515 3318 in
539 3242 632 3318 baec
655 3241 832 3340 principia
858 3247 1104 3343 requirantur,

52 3379 84 3433 eo
97 3363 212 3462 magis
231 3359 343 3438 fimus
361 3358 470 3457 aequi
497 3371 534 3433 et
554 3355 678 3431 faciles
703 3355 743 3428 in
767 3353 920 3433 dissensu
948 3359 1108 3438 aliorum
1207 3380 1209 3395 ’

50 3472 195 3554 ferendo.
264 3471 392 3568 Quid?
421 3469 543 3574 quod.
579 3492 662 3570 qun
674 3470 792 3565 magis
815 3469 1108 3552 imbecillitatem

49 3593 167 3685 ngenii
183 3589 368 3678 humaui,
398 3585 634 3662 institutionis
657 3606 676 3657 a
697 3583 818 3680 pueris
834 3581 920 3658 inde
939 3602 1110 3686 acceptae
1179 3623 1185 3634 »

48 3705 358 3806 ··m,opinionum
376 3699 613 3802 popularium
634 3697 705 3772 alre
720 3695 810 3775 allas
828 3698 978 3788 radices,
989 3723 1113 3781 rerum

63 3838 200 3909 ituras,
238 3830 276 3892 et
291 3805 495 3894 notionum
517 3811 815 3924 iudiciorumque
843 3811 888 3886 de
912 3809 955 3888 iis
978 3814 1114 3895 caussae

59 3935 283 4020 trationee,
314 3943 502 4013 tenemus.
535 3949 581 4002 eo
606 3927 729 4006 minue
756 3936 819 4000 aut
844 3924 1026 4024 speramus
1050 3943 1114 4006 aut

47 4069 67 4118 a
87 4051 190 4126 rotie
210 4045 408 4131 habemus,
425 4055 463 4118 vt
482 4041 610 4117 iisdem
632 4039 775 4116 iudiciis
796 4039 1114 4144 opinionibusque
1159 4032 1161 4043 '

381 4159 385 4170 '
599 4153 688 4230 'lla
755 4163 773 4176 '⁴
854 4223 862 4246 ,
924 4155 1113 4260 relicimur
