2742 4732
142 261 148 277 “
259 305 345 418 ιιι
564 289 632 391 ιι
654 297 758 387 nnn
785 301 1022 421 stramenta

258 505 402 597 xxii,
438 497 510 604 58)
541 505 587 585 de
609 505 789 602 dignitate
816 517 928 604 atque
955 505 1113 605 imperio
1147 503 1244 584 ellet
1269 531 1333 586 ce

255 639 395 710 tatum,
438 643 539 696 nunc
566 610 699 696 Poenis
729 619 992 696 decertandum
1024 620 1095 696 fuit
1129 621 1176 698 de
1211 622 1337 700 salut·

192 787 195 798 ·
257 737 367 818 Nihil
403 737 470 814 lslo
499 735 599 810 bello
630 734 797 810 iniustius
816 709 932 822 fuit,
944 757 1043 810 curn
1069 727 1213 812 nulla
1203 742 1337 814 ιιιὶιιιιΙ

258 847 517 957 prouotallent
533 845 734 933 Romanos.
763 839 906 937 conlra,
938 863 977 924 vt
992 871 1012 924 a
1029 846 1063 925 se
1085 850 1175 924 belli
1194 854 1337 929 molet

138 981 141 986 ’
165 973 172 988 “
256 979 486 1052 assonarent,
499 961 727 1062 iniquillrnris
744 961 932 1060 postulatis
948 961 1337 1042 satisfacerenrl'oen

124 1141 129 1151 ,
255 1107 330 1161 nec
352 1079 532 1158 baberent
549 1075 708 1157 Romani
726 1075 831 1174 quod
858 1081 1041 1176 conqueri
1070 1073 1237 1176 pollent,
1280 1089 1337 1156 nil

257 1195 363 1298 quod
385 1197 517 1270 iterum
543 1189 659 1267 Poeni
681 1185 922 1268 effloruissent
945 1193 1101 1292 opibus,
1132 1215 1235 1292 quae
1268 1197 1336 1270 illi

256 1307 502 1414 periculosae
496 1273 708 1405 aliquando
722 1301 792 1381 else
812 1301 964 1403 pollent.
1001 1303 1154 1383 Diutius
1175 1329 1337 1408 ιιιιοιιιι

257 1441 408 1503 omnem
433 1417 690 1498 Romanorum
714 1421 917 1621 virtptem
928 1435 965 1496 et
989 1437 1081 1520 opes
1106 1434 1170 1496 aut
1195 1421 1337 1499 elulur

96 1570 140 1627 ·,
256 1531 704 1618 tutiuslenturifuissent
729 1530 844 1610 Pom
902 1533 1117 1610 nissfraude
1142 1534 1262 1612 illeili
1297 1563 1337 1612 a<

255 1636 442 1764 p'atiiones
475 1643 756 1734 descendissent,
796 1649 931 1748 quibus
959 1645 1118 1746 perfidus
1135 1645 1337 1728 Romanus

151 1862 155 1874 1
257 1783 322 1848 ‘eos
358 1765 467 1844 armis
498 1777 535 1838 et
566 1763 799 1860 apparatibus
825 1761 912 1837 belli
944 1761 1122 1860 spoliauit
1183 1763 1236 1840 At
1266 1767 1337 1842 Ro

255 1907 345 1961 munt
338 1880 439 1956 hoc
453 1875 687 1972 Carthaginis
710 1875 857 1952 excidio
870 1876 1081 1979 proluserust
1101 1878 1231 1953 excidio
1242 1881 1337 1982 suoi

85 2009 89 2018 ’
232 1995 365 2074 ,anilis
393 1994 491 2070 enim
522 1990 647 2064 inde'
638 2015 675 2064 ιιι
710 1971 927 2067 immensum
955 2007 1150 2090 potentum
1177 1995 1337 2090 opibus

253 2103 407 2188 licentia
429 2103 548 2207 plebis
571 2103 766 2192 affirmata,
805 2125 884 2203 qua
904 2103 950 2180 ad
972 2127 1110 2204 remp..
1142 2107 1337 2188 nobilium

253 2224 459 2302 ambitione
490 2236 526 2295 et
549 2219 749 2340 cupiditate
778 2217 1048 2308 labefactatam,
1089 2221 1337 2330 euertendam

139 2335 143 2344 ’
252 2339 365 2441 pauci
396 2319 611 2422 utebantur,
656 2331 855 2409 frisionum
893 2334 1158 2410 certaminibus
1187 2341 1336 2414 omnia

163 2475 166 2486 ·
251 2449 509 2538 miscentibus,
555 2471 611 2523 res
641 2467 761 2522 nouae
784 2469 838 2524 ao
856 2459 980 2524 motus
1005 2446 1134 2524 ciuiles
1162 2471 1231 2548 per
1255 2447 1336 2529 LX

172 2639 176 2649 .
250 2585 389 2676 annps.
417 2587 465 2640 ex
489 2563 544 2639 his
572 2561 666 2638 bella
686 2561 809 2636 ciuilia
829 2583 895 2660 per
923 2557 1015 2636 alios
1039 2557 1157 2638 LX
1128 2585 1249 2640 annos
1275 2569 1334 2640 in·

205 2738 207 2746 ·
247 2683 402 2782 sequuta
419 2677 522 2767 sunt,
540 2697 616 2750 neo
636 2672 736 2750 finita
752 2673 815 2750 nist
835 2673 1069 2752 nobilissimis
1093 2675 1246 2752 familiis
1268 2693 1336 2754 aut

142 2859 148 2878 ,
250 2795 418 2874 extinslls
433 2806 497 2870 aut
516 2811 632 2888 opum
656 2789 923 2890 copiarumque
946 2787 1141 2888 splendore
1158 2793 1330 2890 priuatis,

167 2953 200 2974 ··
245 2909 407 3031 pesbnais
433 2907 568 3004 quibus
603 2925 677 3001 que
707 2903 761 2980 ad
796 2900 957 2980 summos
983 2902 1150 2980 honores
1176 2908 1329 2996 eueilis,

245 3018 360 3126 plebe
386 3022 570 3122 principis
578 3015 811 3093 intellitum'
800 3019 944 3100 iniuriis
969 3019 1155 3110 obnoxia,
1183 3022 1328 3097 ciuium

250 3139 409 3217 omnino
433 3129 552 3210 amissa
578 3130 755 3208 libertate.

230 3235 247 3310 s
323 3251 418 3328 ltu
446 3247 561 3361 multa
591 3245 659 3321 alia
691 3243 787 3322 bella
811 3240 1007 3375 'gesserunt
1036 3241 1200 3324 Romani
1235 3269 1325 3325 cum

187 3385 196 3440 ,⁴
248 3363 411 3468 populis,
439 3351 546 3462 quos,
573 3361 712 3436 iniustis
729 3359 839 3447 armis
857 3358 903 3434 ad
918 3355 1146 3436 deditionem
1164 3360 1324 3464 adnisos,

247 3499 359 3564 mon,
382 3473 488 3553 ‘cum
515 3477 655 3550 iniuriis
681 3489 718 3548 et
752 3474 1010 3549 uexationibus
1039 3473 1239 3574 exasperati
1277 3475 1323 3552 ad

207 3584 213 3596 ’
249 3589 349 3672 arina
372 3593 397 3666 ii
421 3603 586 3672 ruerent.
617 3592 798 3686 tanquam'
808 3586 934 3666 rebelles
951 3588 1052 3665 bello
1070 3589 1191 3666 adorti
1208 3593 1322 3666 inter·

248 3711 407 3786 nacione
427 3701 656 3780 deleuerunt
719 3698 776 3792 lili
798 3697 971 3778 bassilla
996 3703 1147 3780 humani
1171 3708 1319 3800 generis

246 3825 397 3902 fortuna
421 3819 599 3896 omnium
621 3813 837 3904 miserrima,
866 3815 1002 3916 quod
992 3839 1042 3906 ιι,
1081 3839 1147 3916 qur
1166 3839 1242 3894 arm
1266 3821 1335 3892 in

199 3993 208 4004 .
246 3938 376 4014 iustam
397 3935 472 4036 pati
489 3930 640 4019 noluit,
671 3933 717 4006 ab
736 3929 870 4006 iniusto
889 3930 1048 4008 domino
1065 3935 1317 4008 contumaciae

249 4065 314 4128 aut
334 4048 508 4154 perfidiae
532 4067 654 4190 poena
674 4045 811 4203 dignus
839 4043 1004 4124 habetur.
1077 4043 1133 4124 lta
1157 4043 1316 4136 Romani

1205 4160 1315 4238 inter·
