2644 4746
238 281 375 432 *112⁷
410 313 609 412 Carmen
638 234 924 406 ιιιιιιιιιιιιι.
945 310 1201 412 LXXXIX.

103 495 125 565 ⁶·
262 523 470 604 certaminis
489 519 589 618 leges
614 541 737 596 earum
760 519 938 598 neonem
958 521 1092 598 habere
1107 539 1300 602 vetuerunt:

212 667 219 676 ·
263 636 414 731 ethuec
433 637 545 735 priori
567 634 644 710 laus
663 634 901 729 diligentiae.
934 654 1003 711 nec
1026 633 1210 734 posteriori
1229 665 1304 716 acus

260 752 372 832 minis
403 761 440 826 et
469 747 689 833 subtilitatis,
727 744 906 824 Kantiana
936 745 1122 848 disciplina
1148 713 1304 869 nutritae*

227 884 231 901 ·
259 861 532 942 commendatio
560 861 763 938 decederet.
832 859 1058 938 Restabant
1047 860 1179 962 igitur
1187 871 1301 962 quinne,

260 996 355 1078 quae
377 977 526 1052 arbitrio
541 974 704 1051 iudicum
722 976 1048 1068 committerentur.
1078 974 1136 1053 Ex
1152 977 1204 1054 his
1222 995 1287 1056 tem

258 1113 395 1194 porum
412 1087 540 1167 ordine
551 1079 702 1187 princeps
719 1077 788 1162 luit
806 1110 864 1176 ea,
890 1111 983 1188 quae
998 1089 1038 1164 ιιι
1061 1088 1182 1168 fronte
1203 1093 1302 1169 haber

149 1233 154 1250 ·
258 1206 395 1280 verba:
408 1175 507 1307 Quod
518 1201 832 1301 'interfulserunt
843 1202 975 1278 nulium
987 1213 1142 1299 potenter.
1169 1199 1289 1283 Leilio

188 1303 196 1318 ⁸
258 1319 315 1394 rtis
332 1319 499 1394 varietate
519 1329 555 1391 et
569 1315 697 1412 copiis,
711 1314 813 1413 quod
831 1313 874 1390 ad
896 1312 1194 1415 philosophorum
1212 1337 1290 1397 vete

254 1455 339 1512 rum
364 1430 495 1530 placita
514 1429 664 1528 spereat,
702 1425 875 1557 praestare
906 1427 969 1521 illa
992 1429 1062 1504 visa
1091 1431 1141 1508 esi
1162 1437 1285 1526 peteris

254 1545 394 1647 placuit
412 1543 568 1620 studium
584 1558 621 1620 et
639 1563 750 1640 opera
764 1543 802 1616 in
818 1543 1078 1657 conquirendis
1096 1544 1255 1622 subsidiis
1275 1575 1291 1623 e

255 1659 408 1758 opibus,
455 1658 593 1758 quibus
615 1639 876 1754 argumentum
907 1669 1072 1733 accurate
1107 1663 1292 1758 pertrasiar

106 1781 110 1794 '
252 1769 391 1873 pulset3
434 1773 569 1846 ιιιιιιιιι
589 1767 713 1846 audior
739 1791 871 1867 operae
889 1783 925 1845 et
948 1769 1140 1848 industriae
1168 1792 1293 1873 parteu

98 1905 114 1932 ι
250 1885 449 1986 'aliquam
437 1907 476 1959 m
494 1883 721 1982 digerendis,
755 1881 988 1981 disponendis
1011 1898 1167 1986 apteque
1193 1913 1290 1987 appo

249 1999 381 2078 nendis
400 2019 515 2096 copus
530 1991 755 2082 collocasset
781 2017 871 2082 nec,
900 2009 1085 2094 tempore
1114 2013 1153 2075 vt
1173 2007 1290 2101 proba

190 2161 193 2172 ·
251 2112 327 2192 brle
343 2109 401 2200 fit,
418 2109 606 2198 exclusus
624 2109 785 2184 ultimam
802 2129 950 2185 manum
966 2111 1163 2188 admouere
1181 2118 1290 2213 negle

184 2195 191 2218 '
230 2222 607 2318 ,xillet3reeisis“11s‚
639 2203 1229 2321 quaeaconfilioerantaliena,
1272 2257 1288 2304 e

113 2385 116 2396 ·
252 2337 471 2426 emendatis,
496 2338 698 2436 quaeiuter
714 2345 832 2412 cetera
860 2339 1019 2437 grauiter
1042 2337 1132 2416 ditia
1154 2342 1288 2498 perhun

234 2451 363 2568 ⁸siorie
379 2465 482 2529 crant
499 2447 618 2528 effusa.
737 2492 739 2502 ·

314 2729 315 2740 ι
360 2675 481 2758 Altero
496 2678 756 2764 commentatio
779 2675 967 2776 inscripta:
1004 2679 1123 2770 erus
1141 2653 1293 2760 recludes

246 2769 410 2872 tumltu
427 2817 511 2868 mort
504 2790 644 2867 coriam
661 2803 780 2898 negato
799 2803 901 2866 tentat
916 2797 977 2868 iter
997 2797 1063 2870 ιιι.
1106 2791 1228 2871 Laudi
1246 2799 1294 2872 hu

156 2955 159 2964 ·
244 2909 364 2984 bitum
382 2905 536 2992 rudiori,
568 2903 670 3003 quod
687 2905 849 2981 methodi
864 2905 1049 2983 seuerioris
1068 2907 1216 3006 legibus
1242 2918 1295 2986 oh

57 3092 61 3103 ,
148 2995 175 3126 ‚⁸
245 3003 1049 3118 stringisuiqueiudiciiacuminevtiroluir3
1075 3040 1296 3100 cumauten

244 3132 340 3211 illud
358 3133 512 3211 letiiouc
535 3145 572 3208 et
589 3133 898 3208 commentatione
921 3133 1166 3234 scriptorum(
1188 3139 1294 3235 inpii

113 3324 115 3334 ,
156 3291 158 3300 ·
244 3248 495 3324 mlsveterum
517 3267 664 3346 parurn,
694 3243 881 3322 Ciceronis
907 3249 1031 3344 vtique
1050 3248 1174 3338 nulla,
1218 3251 1296 3326 elle

181 3351 184 3367 ’
221 3357 450 3450 subudum,
483 3360 520 3436 id
537 3359 639 3459 quod
660 3359 716 3436 vel
740 3360 896 3435 didiooc
917 3357 1120 3438 horridiore
1146 3369 1296 3440 manist-

234 3473 338 3549 'lium
353 3471 411 3562 ht,
439 3475 568 3572 partim
593 3474 805 3550 notionibus
822 3473 1071 3572 philosophiae
1085 3475 1274 3576 vulgarib
1268 3505 1293 3551 ι

188 3675 189 3682 Ν
241 3587 399 3662 nimium
420 3587 715 3676 eliimmoratus,
741 3585 971 3686 partimalia,
1000 3611 1109 3688 quarn
1131 3609 1230 3690 quae
1250 3618 1293 3665 re

230 3697 483 3790 desiderabat,
511 3701 723 3777 cumulauit.
758 3697 890 3780 Officia
906 3721 1000 3798 quae
1018 3703 1195 3780 dicuntur
1213 3729 1288 3802 erg

242 3811 394 3890 deum
371 3837 475 3892 verae
487 3817 627 3892 virtutis
645 3829 762 3914 partes
778 3817 826 3890 ita
850 3815 1066 3892 constituere
1084 3821 1251 3914 putauit,
1272 3845 1283 3887 ι

107 4003 110 4011 ,
241 3925 361 4004 line''
338 3951 380 4003 us
397 3949 523 4014 manca
541 3944 578 4005 et
593 3931 746 4007 omnino
769 3927 867 4004 nulla
896 3929 1008 4004 rideri
1034 3929 1139 4028 poffit
1168 3936 1272 4007 virtu
1278 3967 1296 4003 s

235 4039 358 4144 Atqui
370 4039 493 4122 officia
512 4067 597 4143 erga
615 4043 724 4122 deum
746 4041 951 4172 ullomodo
969 4044 1302 4146 dicuntumqum:

1203 4183 1292 4260 qua
