2644 4746
384 281 531 456 couffue
550 335 816 487 probahiiesi:
937 389 943 396 ·
1030 342 1111 454 167

51 566 123 620 non
148 543 199 619 ita
214 541 445 642 accipienda,
475 565 518 620 ac
533 541 557 620 fi
575 557 652 622 turn
671 547 831 644 primum
852 543 945 622 haec
971 543 1053 622 loca
1071 551 1111 626 in

49 661 225 734 ditionem
237 655 990 766 redegerintMapedones;·verumXecxis
1002 661 1117 738 bene-¹

48 771 131 848 sisio
154 765 283 870 prolati
300 771 384 848 sunt
398 773 541 870 petisia
552 771 636 850 soca
664 777 769 870 regni
792 770 891 848 fines.
952 769 1109 851 Excusso
1145 763 1148 774 “

46 883 223 960 Persarum
243 887 336 984 iugo
357 887 554 962 maturiora
573 905 688 986 opum
704 882 933 963 'incrementa
950 887 1110 964 habituri

43 997 183 1074 scissent
206 997 454 1089 Macedones,
479 997 560 1075 -nisi
590 999 816 1099 peninsulam
843 1004 882 1076 in
907 1003 1000 1075 trina
1021 1025 1108 1100 pro·

40 1115 223 1188 montoria
258 1127 515 1190 excurrentem
547 1113 706 1191 coloniis
728 1128 948 1213 occupatam
975 1113 1108 1211 tennis·

39 1226 113 1300 sent
131 1225 387 1302 Athenienses:
416 1225 520 1326 quod
545 1243 584 1302 et
611 1225 733 1315 fieret,
783 1235 855 1326 qu'a
880 1231 1019 1308 incuria
1044 1241 1107 1305 aut

39 1337 243 1426 necessitate
275 1339 421 1421 addudi
452 1339 704 1424 Macedonum
733 1363 838 1438 reges
866 1341 1106 1439 permiserint,

42 1477 114 1528 non
130 1453 279 1532 constat
340 1451 482 1530 Verum
500 1454 662 1532 inhibuit
677 1468 867 1531 etmoram
878 1457 1008 1531 iniecit
1023 1455 1106 1532 Ma·

41 1567 220 1666 cedonum
239 1565 399 1643 consiliis
417 1567 510 1656 hoc,
541 1565 672 1668 siquid
691 1568 802 1644 aliud
868 1565 998 1666 Itaque
1020 1566 1105 1645 Per·
1205 1669 1208 1682 .

40 1681 164 1758 diceas
176 1680 417 1762 Athenienses
432 1682 659 1779 peninsulam
673 1681 867 1760 infidentes
883 1683 999 1758 modo
1015 1686 1105 1758 ami·
1130 1695 1138 1762 ἰ
1170 1763 1173 1774 ,

41 1817 98 1870 cns
124 1796 243 1880 modo
266 1794 417 1871 infestos
441 1781 599 1884 habens,
654 1818 720 1894 per
750 1795 839 1870 helii
870 1793 1103 1894 Peloponue-

45 1907 115 1982 haei
130 1919 302 2007 tempora
318 1909 424 1988 variis
439 1908 608 1990 fortunae
619 1909 756 1992 casibus
769 1910 818 1986 est
834 1910 992 1996 iactatus,
1007 1931 1103 2008 quos

40 2045 81 2096 ex
103 2017 326 2122 Thucydide
345 2022 567 2120 cognoscere
594 2022 691 2098 licet.
758 2021 814 2098 Ad
835 2027 1004 2100 ‘extrema
1031 2023 1106 2099 soc-

37 2151 144 2212 tunae
160 2133 358 2224 eddesius,
378 2157 463 2220 cum
480 2136 638 2218 Stoicen
656 2133 879 2234 Odrysarum
898 2159 1021 2232 regem
1038 2135 1104 2213 irbi

38 2247 281 2348 adiunxissent
312 2248 567 2337 Athenienses,
613 2247 781 2334 accessitis
813 2247 1002 2326 Perdiccas
1032 2245 1103 2326 La·

36 2364 281 2440 cedaernouiis
301 2383 357 2440 res
374 2360 452 2442 suas
473 2363 647 2446 restituit.
680 2362 742 2439 etsi
769 2363 868 2442 idem
894 2359 1102 2458 Lyncestes.
1134 2359 1144 2380 “

37 2479 95 2573 qui
125 2477 196 2552 illo
228 2475 351 2554 adhuc
373 2489 541 2576 tempore
564 2475 674 2552 suum,
692 2497 836 2573 regem,
876 2476 1101 2563 Arribaeurn,

41 2589 237 2677 habebant,
262 2589 468 2672 coniunsiis
484 2611 570 2672 cum
595 2577 743 2664 Brasida'·
760 2589 869 2662 armis
893 2587 990 2663 haud
1015 2611 1103 2686 pro·

42 2704 136 2800 spero
159 2715 298 2806 euentu
310 2700 498 2801 aggressus
523 2703 572 2778 est
595 2711 657 2803 m).
716 2698 909 2778 Perdiccae
925 2697 1103 2778 successor
1152 2744 1156 2752 κ

36 2817 252 2905 Archelaus,
279 2813 463 2915 Euelpidis
483 2816 716 2914 aliorumque
740 2811 1016 2914 ingeniosorum
1031 2813 1104 2892 ho-

36 2935 175 3008 minum
191 2930 437 3009 familiaritate
450 2929 606 3020 nobilis,
634 2929 804 3013 multaiu
827 2951 945 3028 regno
969 2929 1102 3006 meiius

35 3045 239 3124 constituit:
268 3041 508 3128 sonamite
522 3042 594 3122 sucu
613 3047 772 3129 muniuit,
802 3047 875 3121 vius
895 3043 997 3126 redas
1010 3047 1103 3144 flrn·
1156 3083 1162 3096 ·

37 3163 102 3245 rit,
154 3171 186 3236 rt
214 3183 288 3236 eun
310 3156 379 3235 ulio
401 3157 590 3244 ordinariis.
639 3167 707 3244 tun
729 3161 826 3243 eiiam
849 3155 915 3234 rrr'n
930 3155 1103 3234 militarem
1168 3247 1171 3256 ,

36 3277 139 3372 equis,
171 3271 305 3357 rarescit,⁴
327 3272 502 3370 etreliqua
528 3269 602 3353 besse·
621 3281 793 3370 apparatu
823 3273 978 3372 instruxit
1006 3268 1103 3366 longe

35 3387 159 3472 nesius,
186 3409 285 3484 w
302 3387 396 3461 ceteri
417 3409 523 3468 onnes
545 3382 619 3462 uffo
636 3407 743 3482 teges,
777 3386 834 3480 qui
854 3403 924 3459 ecem
940 3380 1105 3487 onsecrffe·
1139 3405 1146 3448 '-
1173 3373 1178 3386 ¹

36 3511 109 3574 rant
129 3495 321 3598 (Thucyd
341 3495 398 3588 11,
427 3490 551 3597 sno).
610 3493 698 3586 Eius
724 3509 882 3582 mortem
907 3496 1102 3598 insequuta

36 3609 115 3688 sunt
131 3611 228 3689 helia
248 3609 372 3690 ciuilia
395 3614 491 3687 inter
509 3603 719 3722 plures'qui
739 3609 785 3696 de
810 3631 927 3710 regno
947 3626 1104 3688 conteu-

37 3724 185 3820 dereut3
212 3728 262 3802 ita
284 3737 324 3804 st
346 3720 681 3824 vix-assequereris,
705 3725 900 3824 quomodo
922 3745 970 3799 ex
991 3727 1103 3800 tande

38 3838 143 3918 malis
163 3835 344 3916 emersura
366 3835 453 3916 esset
478 3827 726 3916 Macedonia(
770 3834 973 3916 Enimuero
995 3839 1034 3912 in
1056 3837 1104 3912 iis

41 3951 204 4052 populis.
251 3973 414 4052 quorum
446 3951 561 4030 animi
589 3964 627 4028 et
658 3973 815 4054 corpora
832 3973 921 4038 ‚nou
945 3950 1104 4026 omnino

593 4061 626 4154 L
656 4090 684 4172 4
944 4061 1104 4150 moltitie·
1257 4159 1261 4169 Ι

97 4193 582 4284 re)'l'hueyd.1V.ss-124sq.
725 4233 730 4260 .
