2626 4738
470 103 475 140 s

200 345 284 462 396
308 270 312 281 Δ
366 283 555 438 Libertas
579 362 614 434 et
639 341 847 470 aequalitas
872 347 941 436 aiu.
960 339 1101 434 aium.

197 552 405 662 persuasum
425 553 492 630 tibi
511 551 643 660 habere
663 551 787 640 liceat,
815 547 948 626 etiamsi
964 550 1099 634 Franci
1116 575 1138 626 a
1156 552 1267 627 veria·

196 674 299 748 ribus
326 669 514 768 principiis
538 665 710 766 progreffi
739 666 929 776 eupliique
956 663 1093 755 essent,
1130 689 1204 740 nec
1222 689 1267 739 ar·

197 785 310 883 gutiis
343 785 472 883 partim
507 805 588 858 are
620 779 747 882 alienis¹
780 785 912 878 partim
943 803 1073 878 parum
1112 782 1265 856 circun-

194 900 345 998 scriptis,
371 898 435 975 sed
457 895 658 972 sanioribus
673 895 856 980 dosirinis.
885 898 1039 982 ratione,
1072 897 1266 992 exemplis.

196 1014 277 1099 vsu.
316 1013 500 1114 probatis,
541 1010 599 1085 sua
630 1003 962 1110 superstruxiffent,
1005 1009 1108 1086 haud
1144 1023 1264 1083 tamen

111 1145 122 1196 ·.
194 1125 353 1204 multum
372 1123 575 1200 dissimilem
598 1149 721 1206 rerum
746 1137 923 1200 euentum
949 1124 1119 1201 futurum
1145 1119 1264 1210 suisse;

194 1241 498 1338 quandoquidem
525 1238 644 1316 multa
677 1226 866 1338 magis'lab
895 1237 1093 1320 hominum
1123 1240 1266 1336 cupidi·

190 1359 345 1441 tatibus.
383 1373 494 1458 quarn
518 1357 694 1432 amentis
720 1355 923 1440 erroribus,
968 1357 1006 1428 in
1028 1375 1147 1450 remp.
1173 1353 1265 1426 mala

148 1535 156 1548 .
190 1469 446 1546 deriuantur.-
490 1467 755 1566 Philosophicis
785 1467 1045 1544 subtilitatibus
1072 1481 1265 1564 tamquam

190 1583 370 1660 machinis
399 1598 436 1662 et
473 1585 721 1662 instrumentis
741 1581 934 1660 'malarum
964 1580 1211 1660 corasrliurum
1244 1582 1265 1655 sr

125 1773 131 1788 ,
190 1721 268 1774 nou
296 1701 340 1772 ab
358 1699 484 1786 initio,
518 1713 638 1773 tamen
659 1698 722 1770 sub
739 1696 833 1793 ipsos
852 1696 975 1774 cursus
998 1719 1185 1784 carceres,
1218 1695 1264 1770 vsi

137 1830 139 1838 ’
189 1815 340 1911 quidem
359 1813 440 1886 sunt
457 1811 584 1902 multi;
611 1825 647 1885 at
667 1811 799 1888 horum
820 1809 1003 1886 malorum
1020 1809 1264 1886 confiliurum

186 1929 309 2004 sontes
328 1939 363 1998 et
381 1922 517 2001 caussae
539 1925 641 2000 suere
660 1949 735 1997 non
756 1941 828 1999 tam
850 1949 983 2023 prauae
1002 1925 1264 2002 conclufiones

164 2047 167 2054 ’
188 2053 225 2116 et
242 2039 443 2136 syllogismi
458 2053 521 2112 aut
534 2041 571 2115 in
586 2038 836 2138 perspicientia
850 2029 922 2114 ieri
937 2042 1114 2134 caecitas3
1133 2063 1261 2115 rerum

139 2139 143 2156 ’
186 2157 225 2228 in
260 2150 373 2232 caussa
400 2153 550 2227 suerunt
582 2177 644 2228 eae
676 2176 751 2241 res,
798 2177 891 2254 quae
914 2153 1113 2235 bominum
1144 2155 1263 2230 sensus

183 2271 406 2376 *ultimosque
429 2271 594 2354 mouent,
614 2269 824 2365 impellunt.
854 2269 1011 2366 rapiunt,
1040 2289 1264 2360 occaecant;

187 2385 361 2479 ambitio,
399 2384 559 2474 panitas,
598 2383 786 2463 honorum
813 2399 850 2456 et
877 2405 993 2478 opum
1027 2387 1262 2480 appetentia3

83 2505 86 2513 “
173 2501 290 2597 atqui
322 2497 602 2574 eaedemetiam
636 2521 721 2584 eos,
759 2500 824 2596 qui
848 2496 1101 2598 philosophari
1122 2498 1189 2573 sibi
1212 2503 1265 2573 vi·

186 2613 339 2699 dentur,
370 2611 593 2687 transuersos
618 2615 783 2708 rapiunt,
801 2613 1004 2709 'quotiesa
1028 2615 1264 2712 contempla·
1311 2629 1312 2636 ’

108 2739 116 2748 ’
185 2729 288 2808 tione
312 2728 356 2802 ad
381 2751 503 2803 rerum
529 2727 646 2806 atium
675 2723 879 2826 processum
906 2727 955 2804 est
978 2719 1025 2826 c).

297 2891 572 2973 Atheniensium
587 2917 679 2992 resp.
699 2891 773 2978 etsi,
791 2878 1014 2990 quatsraus'a
1031 2903 1136 2968 certo
1154 2917 1262 2970 men-

65 3025 99 3110 ,’
183 3011 229 3092 tis
255 3011 394 3086 iudicio
423 3011 654 3086 ciuitatisad
683 3006 886 3080 libertatem
919 3009 1259 3107 aequalitatemque

181 3141 440 3224 attemperatae
457 3128 564 3200 notio
584 3123 770 3222 repetitur.
792 3145 866 3194 aun
888 3119 1000 3196 multa
1020 3121 1143 3202 habet,
1162 3147 1260 3222 quae

182 3245 340 3316 omniuo
358 3238 599 3336 improbanda
619 3236 732 3310 videri
749 3234 920 3322 debeant,
942 3241 1014 3318 boc
1031 3237 1112 3334 ipso
1132 3255 1258 3312 tamen

180 3355 273 3428 vitio
300 3353 500 3440 laborauit,
532 3351 634 3448 quod
652 3372 672 3424 a
690 3351 831 3426 ratione
848 3366 883 3424 et
900 3350 1039 3426 iuncto
1054 3349 1258 3432 hominum

97 3463 466 3572 eupasiabantur
500 3465 605 3564 plura
637 3485 746 3560 quam
774 3487 793 3540 a
821 3462 1086 3561 cupiditatibus
1112 3481 1256 3541 metne-
1310 3471 1311 3510 ³

176 3581 323 3658 bantur
384 3577 500 3674 Quod
524 3577 548 3650 sr
573 3601 658 3652 cum
674 3576 839 3675 perfertis
866 3579 1073 3653 viueremus
1094 3579 1259 3657 homini·
1310 3579 1311 3632 t

180 3695 272 3782 bus,
307 3692 409 3772 uulsa
429 3689 497 3770 eise
519 3707 664 3796 poterat
695 3691 829 3770 melior
849 3693 1007 3772 ciuitatis
1034 3693 1256 3796 descriptio;
1310 3689 1311 3750 Ι

1207 3825 1253 3896 et

239 3973 273 4054 r)
294 3971 376 4034 Sara
344 3991 393 4034 ms
410 3973 449 4034 ia
445 3980 489 4032 rr
503 3991 556 4034 aas
571 3993 599 4032 ΙΙ.
577 3972 774 4052 ”spmiirntrs
786 3968 871 4052 rasin
886 3971 1071 4042 dissuimus,
1089 3993 1164 4036 cura
1181 3975 1254 4034 beili

290 4057 395 4120 ciuilis
426 4057 577 4119 trulias
568 4079 601 4172 ,¹¹¹
634 4061 849 4167 priuatorum
855 4058 1080 4137 cupiditatibus
1107 4057 1252 4122 inclusus

289 4143 435 4222 puris-,i
409 4160 537 4207 nimiu
534 4161 580 4202 aar
568 4140 836 4226 'Jitarmttilrar
803 4138 857 4226 risa.-
871 4125 1039 4220 exclusam,
1068 4141 1251 4205 atsaiwaina

292 4225 365 4292 Ut·
613 4231 640 4290 ἦ.
