2672 4746
212 337 260 400 ιν
527 341 532 348 ·
642 301 858 438 Praefatio.
1000 357 1003 371 ·

214 509 405 600 officium
421 506 650 624 pertinere,
670 523 721 594 vt
736 531 824 594 non
840 483 982 608 modo,
993 505 1048 595 de
1071 503 1153 598 suis
1173 510 1283 628 quis-

141 696 144 712 ν
212 679 295 771 que
308 650 508 738 laudibus
539 647 727 758 laboret,
769 673 917 735 verum
943 646 1068 737 etiarn
1094 677 1284 738 commu·

77 819 122 910 j
171 857 175 872 .
211 812 308 882 nem
328 789 525 888 'omnium
554 789 745 898 laudem,
774 791 1021 878 memoriam
1046 810 1090 879 et
1107 788 1279 903 famam,

211 935 256 1023 in
277 934 371 1021 luce
393 931 575 1050 positam
601 929 681 1022 effe
705 932 835 1020 velit
881 930 1014 1051 idque
1032 935 1120 1022 'non
1143 921 1280 1024 modo

124 1101 127 1124 ·
212 1101 390 1194 aequum
405 1073 642 1193 iustumque
660 1071 740 1164 'else
759 1071 977 1185 iudicabit,
990 1101 1136 1163 verum
1156 1077 1282 1202 etiarn

199 1216 403 1336 ‘pulcrum
430 1205 761 1336 honestumque3
788 1235 978 1338 nectam
998 1218 1158 1304 meritis
1180 1219 1284 1306 alio·

102 1391 107 1400 ·
212 1385 304 1474 rum
326 1355 539 1470 offuscaris
563 1359 732 1476 putabit
750 1358 933 1446 eminere
957 1357 1123 1448 laudem
1149 1358 1282 1474 suam,

212 1487 360 1617 quam,
399 1486 504 1586 sr'in
537 1501 727 1588 virorum
763 1499 974 1586 clarorum
1004 1498 1206 1618 societate
1238 1498 1304 1592 et.

211 1639 367 1728 lumine
390 1641 609 1729 nominum
631 1642 809 1752 vixerit,
838 1667 891 1728 ex
917 1668 1066 1730 eorum
1091 1635 1286 1734 claritate

210 1779 394 1870 nominis
426 1781 662 1872 lucemsrbi
693 1784 899 1896 mutuari3
947 1784 1008 1873 est
1037 1787 1149 1873 enim
1176 1789 1288 1876 haec

32 1951 37 1966 ·
121 2021 128 2030 ,
211 1923 338 2010 tacita
361 1923 700 2034 commendatio,
728 1925 759 2013 fi
788 1927 979 2014 virorum
1011 1925 1286 2051 laudatorum

142 2126 146 2141 ·
210 2061 500 2152 consortioet
520 2067 806 2174 ,coutubernio
836 2066 931 2154 rsus
961 2063 1116 2181 fueris3
1153 2099 1288 2189 quem

211 2205 265 2294 ad
289 2204 471 2328 modurn·
500 2231 588 2291 non
612 2207 757 2294 vltima
773 2203 875 2295 'laus
906 2206 990 2319 est,
1016 2209 1288 2334 ¹clariffimos

211 2368 514 2462 praeceptores
540 2342 744 2458 habuille3
785 2370 834 2437 vt
861 2350 971 2438 adeo
995 2378 1129 2460 'nemo
1156 2349 1290 2465 facile

88 2499 93 2506 '
208 2488 415 2604 ingenuae
444 2507 487 2574 et
507 2485 734 2610 generosae
754 2491 909 2578 indolis
936 2494 1071 2578 homo
1100 2494 1144 2578 in
1171 2493 1290 2584 fimi·

209 2629 292 2716 lem
316 2596 502 2738 errorem
518 2628 692 2736 incidat,
712 2646 761 2713 vt
776 2631 899 2722 nullis
919 2630 1143 2748 magistro,
1166 2639 1289 2727 nulla

207 2768 534 2885 praeceptione,
569 2763 659 2860 suas
682 2766 844 2856 litteras
873 2768 1114 2862 addidicisse
1139 2779 1290 2872 videri

206 2909 341 2998 malit:
371 2904 562 3024 quasane
577 2906 772 2996 iatlantia
787 2910 923 2998 multo
942 2914 1145 3028 plnssuae
1162 2921 1290 3016 laudi

107 3029 108 3040 Ν
139 3094 142 3104 ·
206 3049 420 3158 detrahat,
453 3073 579 3165 quarn
599 3047 788 3161 adiiciat3
831 3076 997 3144 namet
1025 3059 1288 3156 iuuenilibus

171 3255 174 3260 -
204 3189 351 3280 studiis
369 3215 516 3306 parum
537 3187 720 3277 sedulam
738 3190 780 3279 se
799 3221 975 3309 operam
992 3199 1157 3290 naualse
1185 3206 1288 3322 ipse

94 3333 99 3340 ’
204 3334 342 3448 palam
370 3327 618 3444 profitetur,
648 3359 836 3450 eumque
860 3337 935 3448 iia,
973 3368 1081 3460 quae
1105 3345 1287 3440 aliunde

204 3471 396 3584 accipere
420 3490 643 3584 potuerat,
682 3475 820 3562 multo
851 3480 973 3592 plura
1001 3503 1046 3570 et
1077 3480 1303 3583 faciliore·

204 3637 336 3726 opera
357 3608 411 3695 de
444 3607 523 3696 suis
549 3610 729 3701 adiicere
758 3616 982 3730 potuillet,
1011 3633 1194 3719 nuncin
1221 3636 1282 3724 iis

58 3817 63 3826 .
149 3865 154 3872 Ι
201 3751 243 3838 se
264 3777 359 3838 cum
379 3753 525 3837 aetatis
543 3754 779 3874 viriumque
797 3757 1021 3876 dispendio
1040 3767 1283 3864 elaborass'e

199 3874 379 4001 fatetur,
409 3917 515 4010 quae
538 3893 606 3980 alii
626 3890 739 3984 facili
765 3925 899 4014 opera
923 3907 1132 4022 evulgari
1154 3913 1284 4014 insti-

201 4035 366 4124 tutione
386 4054 532 4149 parata
556 4033 708 4128 habere
734 4035 879 4132 solent.
947 4045 1186 4168 Equidem,
1225 4084 1286 4151 vt

1048 4227 1050 4234 ’
1161 4203 1283 4294 mihi

1284 4458 1290 4469 ι

1183 4563 1188 4574 ι

1234 4679 1244 4698 Ι
