2672 4746
330 448 333 457 ’
449 445 666 568 Praefirtio.
892 529 895 537 ,
1021 479 1091 556 'v

51 659 136 746 nihi
150 655 317 748 summae
332 655 447 748 duco
461 655 592 770 laudi,
613 656 730 780 quod
747 647 944 773 Emestii,
962 661 1089 758 chris
1108 659 1129 720 ’-

48 801 120 912 liii,
145 801 277 891 Bachii
294 799 514 918 disciplina
528 801 632 918 olim
650 802 833 892 imbutus
847 801 952 916 sum,
976 833 1087 896 nunc

48 945 203 1060 ingenue
218 943 444 1060 profiteor,
477 941 672 1032 uilicum
695 945 895 1059 hisviriS,
922 948 1088 1068 inquo
1207 999 1219 1018 =

49 1114 122 1172 rum
137 1085 355 1202 collegium
378 1105 430 1174 et.
444 1083 705 1191 consortium
729 1088 773 1175 in
793 1081 981 1206 Georgia
1001 1091 1088 1180 Au·

48 1227 144 1343 gusta
158 1229 379 1346 adoptatus
398 1226 502 1338 sum,
526 1229 592 1318 his
608 1229 788 1317 maxime
804 1229 1085 1350 temporibuS,

47 1365 219 1482 vixissem,
234 1399 448 1492 nunquam
464 1379 533 1458 me
548 1371 591 1458 in
610 1373 674 1460 his
688 1358 841 1460 litteris
859 1371 1090 1490 profettus·
1115 1407 1123 1424 ·

47 1512 179 1630 aliquos
193 1541 285 1602 meo
308 1515 414 1602 loco
435 1512 592 1630 dignos
609 1511 817 1604 facturum
841 1511 985 1627 suille3
1005 1545 1082 1627 ne·
1137 1505 1141 1516 ’

47 1682 108 1770 que
121 1653 175 1742 est
195 1652 319 1744 facile
341 1683 395 1743 ex
412 1633 522 1744 ⁴meis
539 1655 717 1782 pollegis
729 1658 898 1776 aliquis,
920 1685 944 1744 e
963 1659 1080 1745 cuius

43 1797 162 1884 litteris
191 1793 444 1916 scriptisque
482 1825 572 1888 non
608 1799 891 1886 conuerterim
920 1799 1080 1925 aliquid

41 1935 69 2021 in
87 1939 267 2028 rtilitates
291 1963 422 2028 meas.
481 1935 670 2030 Tantum
691 1939 869 2030 interest
898 1941 950 2038 ad
968 1967 1078 2058 pro·
1195 2053 1199 2066 .

39 2079 149 2192 priam
169 2081 393 2192 virtutem,
423 2077 573 2170 sintne
595 2065 679 2170 viri
703 2081 887 2194 laudati,
912 2081 1082 2202 quinus·
1129 2130 1132 2141 =

39 2247 113 2305 cun
128 2223 293 2312 vixeris!
320 2223 385 2312 vti
398 2239 548 2311 contra
561 2221 799 2342 persuasum
810 2225 913 2314 mihi
924 2227 1078 2336 habeo,

37 2361 130 2447 haud
154 2359 277 2452 facile
303 2365 349 2452 in
369 2355 610 2454 'Academia
641 2362 786 2454 nostra
820 2367 932 2459 inter
961 2367 1080 2456 viros
1122 2419 1125 2426 ·
1166 2399 1168 2406 ’

34 2524 100 2589 um
119 2503 214 2594 clari
231 2506 444 2614 nominis,
475 2523 561 2592 tam
577 2508 801 2596 multarum
826 2507 1078 2618 litterarum,
1109 2595 1111 2605 ,
1224 2489 1228 2506 ’

35 2649 152 2736 liuere
172 2643 354 2771 aliquem
380 2643 524 2763 polle,
546 2648 668 2768 „quin
701 2647 920 2734 adsimilis
944 2646 1088 2736 laudis

33 2792 281 2906 cupiditatem
304 2789 565 2907 incendatur.
605 2787 650 2874 Si
665 2788 808 2908 itaque
825 2813 848 2875 a
864 2785 1080 2875 communi
1319 2871 1320 2906 g

31 2934 240 3026 academiae
262 2931 390 3022 laude
407 2930 522 3037 haud
545 2929 725 3018 alienum
743 2926 847 3040 elle,
880 2929 966 3016 hoc
982 2922 1079 3014 scri·
1187 2971 1215 2992 -·
1258 3006 1263 3014 .
1317 2975 1320 3042 4

29 3077 196 3186 priorum
214 3103 353 3194 genus
369 3071 539 3190 sparfim
557 3071 715 3158 editum
729 3069 949 3185 colligere,
963 3069 1079 3157 reste
1097 3119 1110 3192 .'
1319 3083 1320 3126 l

28 3220 169 3326 putaui:
198 3219 409 3328 volumen
434 3217 520 3302 hoc
539 3211 799 3302 nouilllm‘um
818 3208 1077 3300 habetaliud
1251 3207 1255 3214 ’

16 3329 119 3488 guid,
143 3389 242 3483 quo
257 3359 318 3471 se,
348 3357 490 3446 saltem
507 3357 578 3469 iis,
599 3355 673 3474 qui
688 3352 791 3471 post
815 3379 896 3440 nos
913 3353 1077 3476 uiuent,

16 3503 308 3662 'commendem
333 3527 428 3588 cum
451 3525 585 3587 annos
609 3499 891 3613 reputabunt,
926 3493 1078 3618 quibus
1161 3525 1181 3628 j
1319 3617 1320 3626 Ν

16 3641 78 3728 fue
92 3633 368 3762 prolufiones
383 3641 562 3760 scriptae
576 3637 694 3750 sunt3
721 3663 818 3726 cum
836 3637 948 3726 enim
965 3623 1078 3724 fania
1162 3638 1167 3646 '

16 3713 258 3964 t'riptisque
287 3781 489 3874 traditum
522 3781 756 3918 accipient,
794 3797 973 3900 quantae
998 3803 1082 3897 per·

31 3930 80 4014 Ins
100 3958 243 4021 annos
266 3927 322 4016 de
353 3925 576 4014 hominum
606 3923 955 4042 populorumque
983 3918 1113 4008 iuri-⁸
1319 4031 1320 4038 Ν

16 4069 75 4230 'lus
109 4069 422 4163 contentiones
453 4065 644 4194 fuerint5
687 4090 795 4182 quae
827 4063 927 4164 inde
958 4079 1081 4152 natae
1210 4061 1230 4134 f

35 4239 103 4328 ue,
140 4214 256 4308 odia
281 4229 326 4303 et
350 4201 580 4304 certamina
601 4208 713 4296 inter
735 4206 927 4296 homines
946 4201 1110 4289 diuer·'
1141 4213 1177 4251 -·
1319 4243 1320 4272 ³

16 4349 18 4402 l
151 4403 162 4418 .
514 4343 821 4463 .)(-3-.
926 4323 1148 4432 'sorum'
1273 4331 1288 4352 ‘

16 4479 18 4528 ‚
359 4489 362 4494 ,
