2698 4736
251 309 341 404 aco
421 288 608 382 Libertas
630 303 665 376 et
687 259 895 403 requisitor
917 267 1141 424 nuntiet.
1217 403 1222 412 .
1246 255 1288 330 ·''
1311 375 1312 422 ,

222 501 372 604 'lorum
398 461 450 574 ae'¹
467 496 621 572 ciuiu'rn'
639 491 871 592 fingendam,
920 441 1068 568 diuersis
1094 469 1220 570 timen
1257 481 1312 594 viii

250 607 451 700 aemonis,
479 607 666 695 effetlibus
682 629 836 706 quoque
857 605 1016 694 diuersis,
1046 615 1312 708 utrumquem

206 754 211 762 ·
249 729 389 826 srgnenr
407 728 480 800 'vim
497 723 630 800 habere
643 720 681 796 et'
696 717 873 814 habuille3
902 719 992 797 dicia
1009 723 1312 828 enluraudiendq

250 844 355 918 aliter
372 841 519 938 ingenia
536 837 760 923 formantur,
787 835 910 922 aliter,
952 827 1079 933 scripta
1102 859 1202 936 quae
1226 839 1312 930 sunt

81 949 113 980 ‘'
175 937 185 1044 ,¹
215 997 218 1006 ·
248 955 430 1054 legend03
462 937 689 1026 infinitaali'a
707 952 745 1023 in
770 949 985 1037 litterarum,
1015 953 1158 1034 artium.
1188 953 1312 1028 huma

248 1072 370 1151 nitatis
387 1067 490 1147 cultu
506 1087 546 1140 ac
563 1062 742 1172 negleilu,
771 1087 865 1162 quae
884 1063 1033 1139 aliunde
1051 1069 1167 1163 repeti
1185 1034 1313 1158 soleni

224 1203 226 1214 ¹
247 1190 286 1260 in
305 1183 446 1280 ingenti
471 1181 545 1256 hoc
566 1198 688 1254 rerum
711 1177 934 1275 agendarum
951 1177 1157 1256 discrimine
1178 1175 1313 1270 semini

247 1298 307 1378 sua
327 1292 506 1382 habuisse,
539 1296 593 1381 ei,
628 1295 693 1390 qui
711 1293 872 1368 mentem
896 1293 1045 1371 adhaec
1063 1293 1313 1394 persequendi

135 1503 140 1518 Ι
245 1408 431 1510 appellere
454 1407 624 1495 voluerit,
644 1409 681 1481 in
702 1423 851 1504 promtu
869 1409 937 1482 erit
953 1407 997 1484 ad
1013 1409 1313 1506 intelligendum.

210 1585 212 1598 .
244 1527 347 1610 luter
383 1523 473 1600 haee
500 1539 625 1600 tamen
664 1523 876 1618 primarium
910 1522 976 1607 eli,
1026 1519 1124 1622 polle
1159 1527 1313 1622 quidem

244 1637 354 1720 etlam
367 1641 494 1743 scripio
511 1633 746 1736 sophistarum
763 1637 948 1710 artibus'et
962 1634 1102 1733 laqueis
1114 1635 1279 1716 hominu

245 1759 389 1833 animos
407 1753 538 1833 irretiri
557 1753 646 1826 etin
664 1747 905 1824 transuersum
924 1753 1019 1847 rapl3
1050 1751 1170 1828 multo
1187 1667 1314 1836 rameii

119 1926 122 1944 .
213 1871 217 1880 '
244 1874 363 1966 magis
383 1869 561 1940 orationem
581 1845 781 1938 desederire
799 1867 1049 1959 perorantiom
1074 1868 1310 1963 probitatem,

208 1969 489 2066 'honestatem
526 1976 656 2068 fidene
696 1991 824 2052 contra
851 1976 945 2052 nihil
970 1979 1208 2076 perniciosius
1245 1983 1314 2058 else

243 2095 477 2196 eloquentia,
495 2091 538 2188 ¹st
560 2090 645 2166 mali
672 2093 771 2166 ciues
801 2091 837 2166 in
862 2092 1247 2189 rep..adminiliranda
1271 2123 1310 2174 ee

118 2271 121 2282 .
201 2261 205 2276 ·
241 2225 408 2300 veantur,
446 2209 559 2306 idque
575 2221 684 2280 tanto
703 2205 818 2302 magis
841 2225 918 2302 quo
946 2209 1063 2281 maior
1087 2209 1137 2284 est
1158 2211 1311 2286 audien-

242 2329 335 2402 tium
359 2333 506 2407 coetus,
558 2337 621 2404 aut
650 2341 728 2418 quo
754 2322 869 2416 magis
894 2333 1218 2420 oratorom‘opera
1245 2326 1315 2401 illes

115 2518 117 2526 ,
233 2436 314 2516 iam
339 2451 536 2535 corruptus
559 2449 595 2510 et
614 2435 804 2510 obnoxius
825 2434 874 2508 est
901 2433 1023 2510 fraus.
1096 2431 1156 2518 Est
1182 2453 1315 2516 autenu

215 2553 315 2634 ·hoc
336 2577 356 2628 a
380 2567 507 2628 natura
533 2551 647 2626 menti
673 2548 853 2624 humanae
878 2546 1043 2635 inlitum.
1075 2561 1114 2626 vt
1135 2550 1315 2634 huminesl

203 2699 208 2714 ,
240 2673 279 2745 iu
295 2683 424 2746 coetus
439 2685 593 2762 magnos
608 2663 833 2760 congregati,
852 2675 983 2739 mutuo
993 2663 1169 2762 adspectu,
1181 2667 1315 2758 offatm:

240 2786 312 2868 ira.
348 2783 478 2866 minis,
512 2777 653 2852 facilius
679 2775 936 2874 exasperentur
957 2791 994 2852 et
1011 2773 1303 2876 inflammentur;

240 2901 290 2990 ita
318 2879 359 2972 vi
377 2896 486 3001 etiam
514 2891 694 2968 moderati
726 2891 813 2966 alias
838 2913 880 2964 ac
906 2889 1104 2988 prudentes
1130 2894 1201 2972 hac
1228 2911 1304 2974 tan-

235 3021 352 3128 'quaru
369 3007 599 3106 contagione
619 3007 779 3106 correpti
800 3003 982 3082 insaniant
1003 2999 1062 3110 d).
1103 3065 1107 3072 .
1180 3057 1181 3067 Ν

1103 3193 1106 3205 ’
1142 3208 1148 3225 ’
1179 3207 1300 3314 Atque

279 3456 323 3538 d)
347 3452 431 3516 Bene
446 3452 480 3516 iu
497 3449 649 3534 Aristopb.
668 3449 728 3552 Eq.
739 3463 817 3530 750:
837 3447 925 3532 iurip
940 3451 1031 3531 perun
1044 3451 1215 3535 (populun)
1234 3457 1300 3520 rire

296 3534 299 3553 '
348 3538 404 3612 μὲν
420 3533 532 3614 α’νδραῖν
554 3537 615 3595 ἐστι
633 3529 825 3608 deferetur-ee,
841 3529 913 3596 ὅταν
928 3529 952 3596 δ’
967 3536 1015 3596 ἐπὶ
1028 3537 1153 3616 errorqui
1171 3539 1299 3616 κάθηται

348 3619 403 3696 τῆς
429 3619 545 3696 rre'r'poee
568 3619 622 3692 (de
646 3615 750 3700 Puyce
773 3617 928 3704 loquitur)
956 3623 1079 3698 κέχῃνε.
1136 3619 1298 3699 (Proeliue

348 3695 493 3768 nunc'est
512 3699 802 3785 adessequendtnn.
823 3721 880 3765 cur
896 3703 1050 3766 rhetorice
1068 3725 1085 3765 a
1104 3703 1298 3772 Cretensrhus

346 3799 379 3851 et
403 3783 559 3870 Spartanis
584 3786 617 3848 in
638 3805 735 3867 remp.
763 3783 887 3850 atlmille
912 3805 976 3848 uon
1001 3785 1108 3852 fuerit.
1148 3789 1189 3854 cf.
1211 3791 1295 3858 Sext.

191 3871 197 3878 '
347 3871 465 3955 Empir.
488 3887 651 3952 papae.
681 3881 805 3954 etputo
826 3870 1137 3954 mealiquaudonon
1156 3875 1296 3940 benere-

114 3933 120 3950 ’
216 3994 218 4002 ,
345 3953 529 4040 prehensum
547 3951 606 4016 esse
621 3955 792 4017 dicentem:
829 3962 925 4015 “non
944 3951 1003 4016 effe
1025 3955 1057 4017 in
1081 3959 1163 4022 votis
1182 3961 1294 4023 haben-

347 4043 432 4114 duro,
454 4051 486 4102 vt
501 4035 630 4102 sorenfie
645 4037 806 4104 Ciceronis
822 4039 1000 4122 eloquentia
1013 4039 1127 4108 iterum
1141 4044 1174 4107 in
1190 4043 1292 4110 forum

345 4124 482 4192 nostrum
503 4134 535 4188 et
557 4121 591 4187 iu
613 4121 708 4188 rostra
727 4119 944 4203 inducetur.¹')
