2626 4738
133 239 361 407 restituendi
385 287 598 382 dbmmem
625 289 862 414 republicae.
957 313 1043 414 337

28 501 165 600 piant,
196 501 252 577 ita
275 513 316 573 vt
334 497 505 597 grauiora
527 497 769 600 plemmque.
807 525 920 604 qnam
944 523 1046 605 quae,
1167 501 1173 517 ’

29 632 137 700 aaut.
170 615 274 692 mala
297 613 511 716 succedant,
540 629 579 690 rt
599 637 674 714 que
694 615 749 691 illi
774 619 855 716 poll
870 615 1042 700 Caesares

35 731 202 806 'antonios
226 729 335 804 astuti
352 743 390 802 et
404 727 565 804 imbellis
582 726 797 818 subsessoris,
829 725 1036 828 Odlauiani.

30 847 262 922 ,zrinationem
291 841 461 954 tolerent
534 813 639 918 Vana
663 845 789 946 itaque
811 839 1038 940 umidantnr.

27 984 111 1034 rsno
129 959 209 1035 idin
224 957 361 1034 vulnus
377 954 575 1032 insanabile
592 953 798 1036 Galliarum
811 961 923 1037 recidi
938 957 1040 1061 polle

29 1061 285 1171 [persuadent
344 1065 583 1170 Repeteudae
608 1085 732 1148 tamen
755 1063 947 1152 ethorum
963 1097 1040 1156 mu·
1182 1099 1187 1112 ·

27 1213 77 1262 sn
96 1185 249 1266 caussae
271 1207 321 1264 ex
342 1185 574 1284 superiorum
595 1181 678 1262 sont
696 1201 907 1288 temporum
929 1191 1037 1278 vitiis,

29 1305 90 1377 ibus
112 1304 291 1401 corrupti
314 1302 427 1376 animi
456 1319 526 1374 nec
554 1298 650 1376 mala
678 1317 749 1376 nec
772 1301 955 1381 malorum
982 1327 1038 1382 ru·

34 1419 74 1492 lia
93 1419 172 1516 pati
192 1412 356 1516 possunt
416 1411 615 1528 Stultitipm
637 1434 806 1500 auorum.
830 1438 901 1495 nec
919 1417 1036 1498 modo

26 1557 66 1616 m,
92 1509 386 1629 lount‘mepotes
408 1529 626 1615 etiamtum,
658 1549 743 1606 cum
762 1529 801 1604 in
821 1551 920 1608 noua
939 1532 1036 1612 mala
1160 1623 1167 1634 ,

26 1643 229 1745 praecipites
255 1657 390 1742 agunt,
422 1639 735 1739 neuselingun,
767 1643 903 1744 quibus
926 1647 981 1722 illi
1000 1645 1034 1724 se

26 1760 160 1836 luerunt
211 1755 281 1836 Vri
299 1757 466 1857 plerique
482 1769 706 1853 temporum.
731 1779 812 1834 nou
834 1756 918 1846 suis,
938 1763 1036 1838 vitiis

29 1871 74 1947 seri
97 1874 202 1952 sunt:
233 1875 284 1950 ita
304 1885 449 1970 patrum
467 1869 690 1970 plerumque
707 1873 804 1948 vitiis
822 1884 861 1950 et
875 1873 1037 1951 deterior
1138 1929 1145 1949 .

29 1989 175 2064 niseriur
198 1987 245 2064 lit
269 1987 478 2086 progenies.
537 1980 689 2060 Posteris
715 1987 839 2086 itaque
857 1985 928 2064 sois
949 2009 1036 2068 erre-
1052 2043 1078 2064 ..

26 2103 110 2178 siles
135 2101 246 2190 sunt,
277 2102 344 2200 qui
364 2101 449 2178 sitia
473 2093 607 2174 blanda
624 2119 667 2174 ac
681 2097 837 2197 speciosa
859 2103 898 2176 in
913 2121 1030 2204 remp.

26 2219 177 2305 mittunt,
222 2218 362 2316 quibus
392 2225 568 2310 nepotes,
609 2223 787 2312 tanquam
819 2211 918 2292 lenta
948 2218 1033 2294 tabe

25 2341 221 2422 tsenenn,
265 2329 350 2412 sunt
373 2325 536 2426 perituri.
600 2323 781 2404 Attamen
811 2323 887 2404 hoc
914 2327 1033 2429 ipsum
1135 2365 1139 2380 ·

29 2445 212 2538 prudentes
247 2446 390 2542 agimus
422 2441 574 2526 onines,
616 2443 682 2540 qni
708 2463 809 2520 noua
838 2441 952 2520 luxus
979 2445 1036 2520 in·

25 2574 176 2648 amenta,
207 2554 385 2635 sumtuoli
403 2551 605 2653 splendoris
622 2553 811 2653 exempla,
840 2570 903 2632 aut
924 2558 1034 2635 otiam

25 2691 57 2744 :se
79 2674 120 2750 ad
152 2675 335 2750 maiorem
361 2669 557 2746 mollitiem
582 2667 769 2766 expolitae
798 2665 1031 2766 elegantiam,

25 2799 57 2858 :er
72 2789 169 2864 ciues
194 2801 236 2864 et
258 2785 455 2886 populares
476 2782 683 2880 vulgamus,
711 2781 1033 2884 impensurumque

25 2919 66 2990 prs
88 2901 272 2985 fortunae,
305 2901 391 2986 loci,
423 2895 582 2986 ordinis„
605 2897 759 2974 modum
781 2894 1033 2976 faciendarum

28 3012 203 3093 celsitatem
233 3015 312 3092 aliis
335 3011 488 3089 facimus
516 3011 758 3087 ostentatione
786 3011 923 3105 noslra3
969 3022 1033 3092 aut

25 3125 39 3196 li
65 3127 121 3206 seu
143 3133 384 3230 ingeniorum
408 3125 469 3202 seu
495 3126 628 3200 artium
655 3123 831 3200 insrdiofis
856 3117 1032 3225 operibus

29 3237 73 3314 itis
103 3244 339 3348 voluptatum
362 3251 407 3330 et
443 3237 645 3316 libidinum
680 3241 905 3318 irritamento
944 3261 1033 3342 pro·

25 3375 148 3434 ininius.
888 3417 894 3430 .

64 3465 135 3549 lam
151 3473 312 3572 primum
324 3467 476 3548 Senatus
489 3461 680 3544 Romanus
700 3461 863 3568 sub'ipfis
878 3463 1032 3568 suscepti

25 3577 237 3666 >burmann
257 3587 402 3686 imperii
417 3582 627 3684 primordiis
645 3580 820 3672 seumetu
835 3595 872 3658 et
888 3583 1034 3662 contla·
1159 3683 1162 3694 ι
1285 3629 1286 3648 r

25 3712 89 3783 une,
130 3701 190 3778 seu
214 3703 353 3804 incuria
380 3715 417 3774 ot
443 3697 682 3794 incogitantia
708 3695 956 3786 commiserat,
994 3709 1033 3774 st

28 3811 128 3890 sula
161 3833 224 3893 aut
252 3813 512 3914 temperandae
545 3807 723 3887 libertatis
752 3827 815 3888 aot
847 3807 1032 3912 potestatis

25 3921 161 4004 resarum
184 3931 402 4010 immodicae
434 3923 789 4002 circumscribendae
812 3922 890 4022 spes
918 3939 955 4001 et
980 3923 1033 3998 sa·
1167 3972 1184 4024 ,-

25 4029 88 4112 rlus
102 4043 376 4146 relinqueretur.
408 4037 689 4116 'l'amdilllnrilis
704 4035 768 4114 ille
786 4051 1031 4136 rutpertum.

33 4149 483 4260 fluoussermannus.
638 4146 673 4228 Y
968 4151 1034 4248 qus
