2626 4738
245 343 329 442 334
371 293 374 302 Ι
447 320 545 415 Vani
572 319 736 472 senatur
758 318 924 442 Romani
947 289 1097 416 iuuatur

239 531 290 612 'ad
313 530 490 630 priuatam
515 529 612 604 enim
640 529 751 630 vitam
774 515 935 636 {pertint
953 551 1087 630 pauca3
1118 541 1154 608 at
1171 529 1205 616 it,
1222 529 1257 604 ad

243 667 340 744 qups
377 667 419 720 ea
449 641 669 743 speuabant,
714 645 897 744 principes
922 659 959 720 et
984 645 1133 746 populi,
1163 643 1260 718 iisdem

171 824 174 858 ,
242 757 524 892 cupiditatibus.
570 755 748 846 consiliis,
792 759 910 847 curie.
955 759 1078 836 studiis
1113 772 1261 842 tenentur,

242 839 404 973 quorur'n
426 884 580 946 euentus
596 863 750 947 finistios
768 894 832 970 per
853 876 976 950 omnia
1000 873 1140 952 dudum
1158 869 1262 946 laetula

159 1005 162 1011 ·
242 985 388 1064 historia
404 980 461 1059 vel
473 984 654 1061 imberbes
668 971 800 1082 pueros
819 985 950 1062 docere
963 987 1147 1063 debuerat
1173 983 1262 1060 Nimis

241 1100 402 1196 benigne
427 1099 472 1172 de
494 1119 630 1196 genere
655 1097 818 1178 humano
844 1099 1023 1188 sentiunt
1059 1102 1124 1199 qui
1146 1098 1189 1174 ad
1205 1121 1264 1195 pru·

113 1281 123 1310 ,
150 1287 159 1296 ,
242 1213 387 1290 dentiae
414 1211 575 1309 aliquam
596 1213 855 1293 maturitatem
882 1214 1042 1312 populos
1078 1228 1141 1288 aut
1170 1233 1266 1310 perue-

240 1323 340 1413 nisse.
366 1337 432 1403 aut
447 1325 653 1402 labentibus
670 1329 774 1403 annis
792 1342 1034 1428 peruenturus
1049 1326 1120 1404 else
1137 1324 1197 1404 fibi
1213 1349 1268 1424 per·

131 1524 135 1532 ,
239 1439 401 1531 suadent
461 1436 586 1516 Omne
601 1435 804 1524 litterarum
821 1439 1051 1528 beneficium.
1067 1463 1211 1518 omnem
1227 1461 1268 1511 ex-

135 1561 138 1570 ‘
240 1555 439 1658 persensae
456 1553 644 1631 utilitatem
661 1556 846 1650 intercipit
864 1555 936 1632 hoc
955 1578 1080 1644 vnum,
1115 1555 1210 1666 quod
1224 1554 1270 1627 ho·

128 1743 134 1754 ‚
242 1671 360 1746 mines
386 1667 529 1754 sumus,
574 1668 678 1766 quod
704 1667 879 1757 sensibus.
915 1669 1199 1767 cupiditatibus,
1229 1667 1271 1740 iris

183 1801 186 1816 '
243 1785 400 1873 obnoxii
428 1805 448 1861 a
472 1783 580 1860 rebus
611 1785 792 1871 externis,
831 1781 1118 1871 necessitatibus,
1149 1781 1270 1862 casibus,

118 1879 121 1893 ¹
168 1915 172 1925 ‘
222 1877 411 2004 ''fortunae
434 1897 599 1980 incertis,
645 1891 739 1993 quot
778 1909 871 1994 quot
902 1881 1026 1974 sumus
1053 1896 1224 1996 bpientes
1251 1909 1273 1964 et

90 2037 99 2070 ι
226 2001 472 2110 insipientes,
501 1998 723 2108 pendentus3
762 2010 865 2110 quod
889 2031 963 2109 que
987 2033 1055 2086 nec
1083 2006 1272 2088 sinesuciali

66 2145 71 2158 ·
169 2177 179 2188 ·
241 2124 437 2204 consortio·
451 2124 594 2211 viuere,
626 2147 697 2200 nee
714 2123 891 2218 societatis
909 2125 1020 2200 ullam
1044 2125 1275 2202 conditionem

105 2263 108 2274 ’
185 2256 189 2273 ’
242 2239 416 2348 omnibus
438 2236 667 2314 tolerabilem
691 2237 824 2314 babere
849 2235 1043 2337 possumus.
1120 2239 1211 2316 Sunt
1232 2239 1275 2310 ita-

148 2409 151 2416 *
242 2375 315 2452 que
332 2367 369 2428 et
390 2365 498 2428 erunt
518 2351 669 2428 bonaet
684 2351 799 2440 mala,
830 2375 923 2452 quae
940 2355 1011 2444 ¹trun
1029 2365 1118 2428 ante
1136 2355 1275 2434 suerunt

89 2500 92 2508 ¹
136 2489 140 2498 “
235 2483 297 2556 et,
329 2465 395 2544 nili
413 2465 507 2540 sorte
530 2462 657 2543 natura
680 2466 837 2542 humana
860 2465 1060 2565 aliquando
1086 2467 1277 2544 mutabitur¹

196 2581 354 2678 “iidem
381 2581 576 2656 hominum
615 2603 774 2670 errores,
812 2579 945 2669 studia,
988 2581 1167 2670 virtuter.
1203 2581 1275 2652 vitia.

239 2694 355 2776 Fient
365 2695 511 2783 eadem,
540 2694 599 2768 sed
618 2695 730 2770 aliter.
789 2693 927 2772 Fabula
943 2693 1068 2770 eadem
1086 2715 1157 2794 per
1173 2713 1277 2772 omnes

241 2823 375 2886 aetates
392 2811 529 2906 agitur.
559 2807 637 2884 aliis
655 2807 909 2896 histrionibus,
938 2808 1006 2884 alia
1023 2805 1139 2884 leena.
1186 2805 1279 2898 Quic-

241 2923 332 3024 quid
354 2943 417 3020 per
442 2937 556 3009 artes.
594 2943 659 3019 per
677 2921 834 3010 litteras,
872 2921 1105 3021 proficimus,
1145 2925 1184 2998 in
1209 2917 1278 2994 nub

241 3037 361 3114 nultra
376 3037 570 3128 verti-mus3
599 3058 668 3112 nec
687 3036 736 3111 est
755 3035 879 3120 facile,
914 3041 990 3134 quo
1013 3050 1157 3111 veteres
1182 3036 1279 3110 vinca·

241 3173 344 3244 mus,
375 3147 438 3226 nis
461 3151 573 3235 sorte.
603 3150 723 3248 quod.
750 3149 941 3250 postquam
966 3147 1216 3248 Sophiltarunr
1240 3169 1279 3218 ra-

105 3285 143 3364 ,’
241 3265 453 3342 villationee
473 3279 566 3339 aetas
594 3264 748 3352 deleuit,
794 3285 861 3346 nos
893 3261 1041 3342 seriores
1068 3253 1135 3338 aut
1165 3263 1280 3339 sunna

240 3399 326 3456 curn
357 3375 551 3454 subtilitate
590 3392 732 3473 argutas
776 3368 947 3453 'vitiorum
983 3377 1230 3452 dillintlionrs
1257 3391 1282 3446 er

73 3481 78 3496 ’
135 3551 139 3570 .
242 3489 828 3589 excusationes.excogitabimus,
870 3505 932 3567 aut
963 3493 1145 3590 principia
1173 3489 1282 3566 constt-

218 3693 223 3702 ,
240 3610 390 3692 tuimur,
401 3627 493 3716 quae
508 3628 576 3703 pro
593 3604 709 3682 sundo
726 3608 904 3683 rationem
921 3605 1114 3702 persertim
1133 3605 1280 3682 habeant.

121 3793 124 3807 .
242 3733 424 3821 quaeant
448 3719 485 3795 in
511 3719 697 3797 hominem
717 3743 794 3796 non
824 3719 938 3807 cadit,
972 3733 1136 3794 autnon
1171 3719 1232 3792 nis
1253 3719 1277 3788 in

133 3899 141 3912 .
242 3826 431 3916 hominem
447 3825 805 3913 consummatissimae
820 3833 1021 3931 sapientiae
1048 3829 1194 3910 Frustra
1210 3833 1280 3903 adra

245 3955 290 4030 de
310 3951 456 4051 populls
480 3969 521 4026 ac
539 3951 765 4048 principibus
787 3953 835 4024 ita
852 3947 1093 4043 disputamus.
1120 3945 1223 4046 quast
1243 3941 1280 4018 illi

172 4111 175 4120 ⁴
243 4075 375 4219 utun-es
402 4094 422 4148 e
447 4063 534 4176 Stoa
558 4063 1049 4228 telvtl'cdadenriaprodireut.
1123 4171 1278 4252 scribun-
