2644 4746
238 341 335 472 168Ι
431 397 434 415 ·
511 323 638 464 Opbm
663 346 773 460 ragut'
797 340 1035 466 Macedonici
1163 395 1167 402 -

171 549 178 558 ⁴
238 549 441 632 mollitleet
456 547 787 651 iguauiaeueruata
799 562 865 636 aur
876 545 988 648 longa
1005 547 1168 651 seruitute
1183 548 1273 626 stada

226 685 277 744 et
298 667 535 752 arbitrium,
569 665 615 742 de
633 663 744 740 salute
770 668 857 762 reip.
889 687 1076 761 uunquam
1104 663 1150 740 est
1172 663 1273 760 despe

238 781 413 858 randum:
442 779 598 856 simodo
623 792 685 854 aut
710 778 911 854 litterarum
936 773 1124 876 disciplina
1143 789 1200 854 aut
1225 799 1274 848 na·

236 895 341 971 turri
356 893 477 991 aliqua
495 895 701 990 benignitas
711 895 833 990 magni
849 893 961 966 animi
976 907 1012 966 et
1028 892 1163 990 ingenii
1179 891 1274 964 sirum

143 1047 147 1083 ι
238 1009 279 1087 in
305 1007 367 1083 ista
393 1015 558 1103 tempora
583 1006 726 1102 pararit.
794 1001 861 1080 Per
887 1005 1012 1082 eadem
1039 1005 1109 1102 ipsa
1133 1014 1275 1099 tempora

131 1147 158 1212 '.
237 1119 448 1200 Alexander
471 1118 519 1196 ll.
552 1121 660 1196 rebus
690 1115 890 1194 Thessaliae
924 1121 1116 1199 imminere
1160 1115 1274 1214 eoepit}

239 1226 343 1308 bello
361 1232 533 1310 aduersus
555 1231 804 1314 Alexandrum
828 1229 1027 1308 Pheraeum
1046 1231 1220 1329 susceptu,
1235 1230 1279 1302 iu·

210 1403 212 1410 ,
239 1351 413 1446 tetceptis
430 1359 550 1435 tauteu
570 1345 728 1424 quasillis
745 1369 809 1443 per
832 1342 1045 1443 Pelopidam
1072 1343 1277 1422 Thebanum.

240 1455 409 1536 Tandem
427 1457 596 1536 Perdicca
613 1463 650 1533 in
677 1481 801 1556 pugna
823 1481 909 1534 cum
935 1456 1071 1557 Illyriis
1094 1451 1279 1536 caesosbi·

136 1573 139 1582 ’
238 1571 384 1670 lippus,
413 1575 590 1672 Amyntae
609 1572 653 1654 s..
681 1571 819 1648 Thebis
836 1570 939 1647 obses
957 1572 1102 1649 babitus
1116 1566 1281 1667 crispanti·

241 1688 389 1762 nondae
404 1686 591 1783 disciplina
604 1688 815 1773 innutritus,
831 1685 925 1760 clam
940 1683 1028 1784 suga
1045 1684 1131 1760 sada
1146 1703 1280 1779 regnum

240 1803 395 1896 tapetiis.
456 1797 684 1876 Graecorum
702 1799 765 1872 ille
793 1799 922 1874 litteris
943 1802 1154 1898 artibusque
1182 1793 1282 1870 erudi-

203 2005 212 2014 ¹
240 1925 318 1999 tus,
348 1933 553 2008 eorumque
572 1925 646 1987 arte
666 1925 702 1986 et
717 1911 906 2009 disciplina
924 1913 1091 2002 militati.
1112 1909 1282 2010 prudentia

179 2055 181 2062 >
239 2047 395 2122 quoque
410 2026 530 2108 ciuili,
561 2027 709 2121 egregie
724 2025 906 2112 imbutus.
941 2025 1133 2122 laudisque
1153 2045 1192 2100 ac
1210 2021 1283 2117 'giu

111 2189 116 2196 -
240 2139 316 2216 riae
332 2140 530 2236 cupiditate
545 2137 729 2224 incensus,
758 2135 950 2237 extemplo
972 2162 1031 2216 res
1054 2139 1284 2217 Macedonum

236 2250 355 2349 'lapsas
374 2253 545 2334 restituit
574 2250 807 2329 Macedones
826 2254 872 2326 ab
896 2256 1000 2330 omni
1027 2253 1114 2330 iude
1140 2265 1285 2346 tempore

242 2364 351 2442 bellis
366 2367 565 2450 exdruitos,
608 2363 796 2462 disciplina
816 2365 962 2440 militari
985 2380 1025 2442 et
1045 2364 1249 2465 phalange
1243 2383 1286 2435 ιιι-

241 2477 364 2578 dulia
384 2479 483 2554 bello
499 2477 654 2554 inuisos
673 2477 839 2554 reddidit
900 2479 1026 2578 Atque
1042 2483 1177 2556 uiuam
1193 2479 1229 2552 lu
1242 2473 1288 2550 bis

241 2591 309 2669 ille
324 2588 524 2669 substitisset
547 2605 583 2667 et
609 2589 654 2666 ad
679 2593 850 2668 interiora
884 2597 988 2690 regni
1018 2593 1161 2670 melius
1175 2589 1289 2668 conili-

185 2709 190 2724 '
238 2706 378 2782 tuenda
400 2682 547 2780 bonfilia
566 2702 817 2780 conuenisset!
847 2703 989 2796 Verum
1011 2708 1153 2806 uulgari
1179 2725 1289 2816 regum

88 2871 91 2884 ,
238 2835 364 2896 more,
385 2816 450 2912 qui
468 2839 560 2912 apes
577 2815 679 2890 suas
670 2830 718 2890 tta
735 2816 893 2892 cresbere
911 2821 1079 2916 putantfi
1099 2821 1219 2919 plures
1233 2831 1288 2892 ter·

145 2940 146 2952 ¹
238 2923 296 3004 ras
314 2930 598 3023 occupauetittt,
632 2927 677 3004 ad
695 2949 784 3026 quas
811 2935 963 3008 tuendas
986 2954 1109 3010 nouae
1131 2955 1218 3033 opes
1241 2952 1291 3004 cu

240 3040 397 3138 piaeque
418 3039 608 3134 parandae,
628 3063 725 3118 uuua
743 3043 1082 3144 bellesuscipieuda
1104 3047 1196 3136 sunt,
1225 3039 1293 3142 qui·

129 3196 133 3206 =
240 3153 308 3230 bus
331 3151 497 3250 pristinae
521 3175 674 3252 quuque
703 3177 793 3253 opes
812 3155 961 3234 afflictae
987 3161 1210 3258 depereunt,
1240 3179 1291 3230 ue·

139 3330 145 3344 .
238 3263 320 3360 gler
304 3267 365 3339 dis
390 3268 526 3342 iuterea
552 3281 589 3342 et
617 3267 710 3342 male
742 3269 1026 3348 administratis
1016 3277 1079 3362 ris.
1115 3273 1241 3372 quae
1232 3293 1291 3346 ratu

239 3373 507 3505 polidensis),
531 3379 621 3465 hoc,
639 3384 819 3494 inquam,
848 3408 977 3467 naute.-
975 3385 1201 3486 Philippus,
1219 3406 1291 3460 cunt

238 3489 310 3568 iam
332 3489 556 3586 expelleres
599 3473 684 3570 so're
700 3509 738 3576 rt
755 3517 858 3576 curas
876 3511 912 3572 et
937 3499 1086 3578 currilia
1105 3503 1152 3578 ad
1177 3499 1293 3576 melius
1304 3561 1305 3584 ,

237 3602 516 3680 constituendae
527 3629 603 3688 res.
619 3606 674 3704 ads
680 3607 880 3686 colendum
899 3611 1075 3692 salubrius
1098 3635 1273 3716 agaunua
1258 3589 1305 3683 ad

238 3717 504 3816 nauigationis
499 3717 659 3868 studia,
682 3725 739 3800 ad
773 3723 995 3804 alacritatem
1021 3741 1058 3805 et
1090 3729 1292 3806 iudustriam

215 4038 218 4056 ’
296 4015 450 4120 m)Haec
462 4002 619 4088 estlriat
587 4028 728 4090 auaritia
681 3983 964 4110 uu'quemtoties
987 4038 1057 4092 vete
1041 4049 1109 4094 eree
1142 4027 1283 4113 scriptor
1257 4037 1305 4098 τειε

229 4125 232 4132 ·
347 4101 430 4167 inter
468 4109 583 4176 ersaulss
600 4101 803 4182 assilientia
846 4123 879 4178 et
919 4112 1095 4182 euersoruru
1135 4131 1294 4200 regnotum

348 4197 531 4256 memorant.
807 4231 811 4238 ·

1304 4315 1305 4436 s

1304 4443 1305 4542 ι
