2644 4746
144 351 158 387 κ
250 317 332 416 162
513 315 641 440 opum
666 321 778 438 regn
804 289 1052 418 Macerone-
1127 285 1136 298 ’

247 551 313 616 eo,
338 547 416 626 quo
441 526 664 626 exundaret.
686 525 804 604 modo
828 501 999 604 euenere.
1055 519 1225 602 Traiedna
1241 527 1283 604 ell

245 625 358 720 fa'tlos
376 643 415 715 in
435 638 569 729 Adam,
603 664 715 741 quam
738 663 807 718 nec
816 639 1035 718 Macedonia
1052 643 1200 740 imperio
1216 657 1282 736 pot-

246 771 323 837 erat
341 757 515 844 retleere‚
546 769 627 844 aut,
653 755 678 832 li
702 758 897 844 retineret,
940 757 1049 854 ipsam
1070 757 1147 830 eiua
1162 755 1283 852 imperii

186 863 192 872 ’
245 869 476 972 prouinciam
500 867 579 944 lieri
602 866 740 964 necelle
764 881 850 944 erat.
886 867 1006 946 -lllorr
1028 869 1088 945 illa
1109 867 1188 956 diu,
1215 869 1282 940 uiris

245 985 438 1084 nuptisque
452 981 641 1070 exhausta,
658 983 842 1082 armisque
862 1003 991 1060 eorum
1011 985 1076 1081 qni
1091 982 1136 1058 de
1149 981 1281 1078 imperio

245 1095 514 1175 contenderant
527 1095 673 1186 afflitla,
710 1119 815 1194 regen
837 1096 920 1174 luna
944 1096 1090 1184 habuit,
1115 1097 1188 1194 ,qui
1207 1099 1282 1167 intra

244 1211 414 1310 pristinus
429 1207 506 1286 fere
532 1210 667 1286 limites
691 1233 849 1308 regnum
876 1221 1077 1288 tennerunt
1100 1203 1161 1306 a);
1198 1205 1283 1282 reris

158 1317 164 1352 ⁸
186 1340 190 1354 ¹
244 1341 368 1400 tamen
382 1319 541 1399 cooliliis
557 1338 594 1400 et
613 1325 748 1424 opibus
764 1325 804 1398 in
820 1321 1031 1416 Graeciam
1064 1323 1186 1402 duma
1208 1333 1286 1396 cete·

167 1527 170 1536 ¹
243 1441 293 1514 ris
319 1435 454 1514 linibru
479 1439 652 1551 barbaros
674 1447 839 1514 auertere
875 1436 957 1512 satir
981 1437 1167 1516 haberent
1220 1425 1286 1510 Nor

244 1550 398 1650 quidem
412 1549 461 1624 de
477 1551 534 1628 hia
553 1555 602 1628 ita
617 1573 790 1650 agemus,
820 1563 880 1638 vt,
912 1547 1003 1627 dum
1029 1551 1201 1650 pleraque
1221 1547 1285 1624 lan

238 1677 333 1740 'nota
352 1663 485 1740 leuiter
497 1667 732 1763 attingimus,
765 1667 967 1743 accuratius
993 1663 1175 1744 versemur
1201 1661 1286 1738 iniit

109 1869 112 1876 ,
181 1809 186 1826 ’
242 1778 438 1879 quaesunt
458 1781 720 1857 minosobuia
816 1839 821 1846 .

355 1943 446 2022 Sero
462 1941 712 2020 Macedonum
728 1959 866 2044 nomen
884 1931 1051 2022 claruille
1066 1955 1153 2022 nota
1170 1955 1222 2018 rer
1239 1936 1288 2024 cll,

241 2055 368 2136 cauffis
392 2057 542 2158 quidem
561 2060 600 2134 in
616 2059 740 2156 aprico
763 2059 896 2157 pofitin
957 2056 1123 2138 Omnem
1143 2055 1289 2152 Europae

245 2197 347 2250 oram
366 2171 463 2250 hanc
486 2169 685 2247 littoralem
711 2171 757 2246 ad
781 2173 962 2249 orientem
989 2175 1125 2252 versam
1154 2169 1232 2247 inde
1251 2169 1287 2240 ab

152 2323 182 2384 χ
243 2285 335 2364 illro
352 2301 389 2362 et
403 2283 525 2378 Ponto
540 2281 689 2363 Euxiuo
711 2305 828 2384 esque
851 2287 897 2377 ad
923 2283 1087 2364 Peneum
1108 2281 1289 2364 Theliallae

242 2403 288 2476 ab
305 2401 412 2476 initio
429 2415 580 2476 tenuere
599 2396 760 2476 Thraces
776 2395 837 2498 b),
875 2399 1027 2476 ulterius
1047 2407 1200 2501 quoque
1221 2415 1290 2498 pro·

191 2595 197 2604 ,
240 2511 345 2612 gress'r
362 2513 536 2589 nonnulli
556 2510 766 2590 habitarunt
789 2511 992 2591 Da'olidem
1016 2511 1208 2600 Phocidis,
1234 2509 1294 2584 Te·

242 2629 295 2703 rei
312 2627 445 2704 scelere
462 2641 608 2719 notam;
626 2641 663 2702 et
684 2625 838 2702 Atticam
858 2614 1038 2715 Thraces,
1057 2631 1125 2730 qui
1142 2621 1304 2706 contu-i

241 2742 371 2839 molpo
383 2753 565 2824 venerant,
578 2733 818 2838 poffederunt
832 2735 968 2839 (strab.
982 2739 1053 2820 Vll
1082 2731 1290 2842 p.494.C.).

241 2851 497 2929 Consederunt
523 2855 619 2926 inter
634 2849 795 2928 Thraces
820 2877 911 2930 mox
935 2869 1066 2954 gentes
1089 2853 1290 2951 Pelasgicon.

130 3008 134 3022 ·
239 2967 433 3063 inquibus
454 2963 556 3039 fuere
578 2961 763 3086 Paeoneq,
792 2970 858 3066 qni
882 2981 1117 3068 occuparunt
1135 2953 1217 3044 loca
1240 2987 1294 3038 no·

242 3080 343 3164 mine
367 3075 609 3158 Macedoniae
630 3079 831 3179 aliquando
858 3097 1019 3158 venturo
1087 3081 1132 3158 ln
1159 3079 1280 3158 hirini

239 3186 425 3278 Emathia,
451 3191 491 3266 in
510 3212 582 3289 qua
599 3189 697 3268 leder
727 3193 935 3291 quaefiuere
962 3191 1097 3272 Graeci
1123 3187 1293 3274 Hellenie'

137 3311 141 3322 '
169 3303 177 3310 '
238 3307 384 3402 generis
401 3301 507 3404 Argis
521 3305 695 3404 profedi,
724 3307 892 3407 adeoque
908 3305 1053 3400 Dores,
1082 3309 1148 3388 seu
1166 3306 1270 3385 Caran

232 3633 241 3642 “
301 3633 338 3710 n)
357 3595 520 3712 Intelliqar
538 3630 599 3696 la'oc
619 3653 657 3709 err
675 3631 750 3698 loco
762 3633 846 3700 Liuii
860 3635 957 3716 XLV,
975 3651 1025 3718 aq.
1042 3657 1095 3718 3ο.
1111 3641 1165 3706 vbi
1179 3641 1211 3705 in
1233 3659 1267 3720 qu

351 3727 426 3778 tuor
437 3717 583 3794 regiones
595 3716 767 3782 aRornanis
775 3719 1141 3789 vidioribue'llaeedonia
1150 3725 1274 3789 diuidito

300 3823 336 3906 d)
355 3821 637 3969 lfncdcmljaenrffims
650 3830 797 3970 ρτίεῑιιίἰζ
812 3829 902 3896 dost·
915 3853 952 3896 ac
967 3833 1091 3932 subtilia
1113 3849 1270 3935 commem

510 3913 1289 4082 nttrituratione-nr:s-

347 4076 461 4137 demini
479 4075 709 4156 praeferentur.
750 4080 793 4141 Io.
810 4079 920 4171 Orrifl.
934 4085 1082 4148 Gnttertr
1100 4091 1139 4150 in
1159 4087 1271 4152 Corone

347 4165 404 4222 tar.
418 4157 488 4222 Suc.
508 4159 588 4224 Your
596 4159 660 4228 IV.
672 4159 712 4226 V.
726 4161 761 4228 V
759 4163 786 4227 1.
1048 4187 1053 4196 ·
