2672 4746
237 309 290 418 38
347 283 619 418 Lorrginquar.
641 264 680 388 ιἰι
701 271 1067 414 barbarorum.
1083 287 1198 404 diffie.
1269 237 1273 242 Ι

239 507 342 602 vium
366 505 560 606 politicum
587 499 810 580 hodiernum
836 481 957 580 veriu'e
982 489 1159 596 dixerim)
1185 485 1307 572 enuti-

237 635 323 698 neat
341 620 374 696 ie
391 619 603 724 prudentia.
621 640 689 691 nec
704 640 743 690 ca
754 639 877 712 ,quae
892 617 931 691 in
951 612 1025 691 hoc
1043 607 1306 710 comprehensa

241 757 320 812 non
340 733 442 821 sunt,
460 729 606 808 etiamst
611 729 730 806 multo
748 731 891 806 utiliora
908 745 945 806 et
961 724 1213 812 freduardum,
1231 745 1310 798 am·

73 868 77 878 ·
121 923 126 932 ,
240 843 426 948 pletiatur.
495 843 600 944 Quid
628 842 751 921 enim?
793 839 921 919 Deaf
870 843 1011 921 Africae
1036 863 1101 916 ora
1128 838 1309 920 maritima

241 959 383 1038 boreali
399 957 624 1056 occupanda,
638 970 675 1034 et
696 949 911 1054 extirpanda
942 955 1179 1042 barbarorum
1207 971 1311 1050 prae-

240 1074 407 1150 dantium
433 1072 787 1168 immanitateque,
826 1069 889 1144 niii
917 1071 984 1167 qui
1012 1065 1255 1144 deridendum
1275 1063 1310 1137 se

167 1241 169 1253 .
239 1187 434 1285 propinet.
452 1183 600 1282 coqfilia
615 1183 776 1260 ineunda
792 1180 861 1258 effe
878 1179 1035 1258 dixerit?
1062 1183 1145 1280 quis
1164 1179 1211 1254 de
1228 1177 1312 1252 sub·

241 1297 401 1395 iuganda
412 1298 581 1395 Aegypto
589 1296 827 1394 cogitandum
837 1292 928 1372 effe?
941 1296 994 1372 Ad
1003 1292 1171 1402 Europae
1186 1305 1310 1367 tamen

139 1449 146 1476 ι
243 1413 415 1488 vtitirates
434 1414 743 1486 commerciorum
762 1433 837 1513 que
858 1410 1085 1486 securitatem
1111 1421 1149 1482 et
1167 1406 1313 1482 incolu-

245 1525 409 1613 mitatem
424 1523 523 1600 haud
539 1523 643 1600 facile
670 1523 770 1600 aliud
794 1522 886 1621 quid
915 1525 1032 1620 inagis
1056 1521 1314 1620 exoptandum

130 1736 133 1744 A
246 1639 394 1719 dixeris.
453 1635 524 1714 Pro
539 1635 613 1713 hoc
628 1637 896 1714 consumuntur
912 1640 1005 1714 vires
1021 1635 1261 1710 aemulorum
1276 1634 1312 1706 in

246 1754 382 1850 opibus
399 1765 558 1831 nontam
571 1751 639 1828 suis
655 1750 833 1849 augendis
850 1773 958 1849 quam
975 1741 1131 1842 aliorum
1142 1749 1313 1822 minuen-

246 1853 323 1952 dis,
360 1865 449 1942 dum
474 1863 631 1940 crescere
655 1863 689 1940 se
713 1866 871 1962 quisque
892 1877 997 1964 putat
1021 1865 1131 1939 rebus
1154 1860 1313 1940 aliorum

52 1965 57 1976 ’
125 1993 128 2008 ’
232 1977 378 2056 'accisae
439 1974 635 2056 Omnino
626 1999 774 2075 ingenia
791 1977 902 2065 oiim
943 1999 1028 2052 cuna
1046 1975 1223 2075 equestria
1246 1975 1316 2048 [iu

247 2091 306 2168 dia
325 2091 533 2190 ιίςιιιιιι,·
538 2067 583 2165 ad
602 2091 718 2166 calida
733 2107 769 2174 et
786 2090 971 2166 interdum
997 2089 1051 2164 ad
1075 2085 1202 2166 vesana
1224 2110 1315 2164 con·

247 2201 321 2284 filia
343 2206 504 2334 abrepta,
517 2227 616 2282 nune
633 2201 895 2282 deferbuerunt
910 2217 947 2280 et
965 2205 1009 2278 ad
1025 2203 1201 2280 sollennia
1212 2224 1317 2278 com

136 2313 139 2328 '
248 2339 449 2416 munraque
472 2314 631 2415 depretia
652 2315 752 2405 [unt
775 2337 812 2391 ιιι
832 2320 969 2416 quibus
988 2317 1102 2393 multa
1121 2316 1319 2392 moliendo

110 2486 118 2496 .
248 2453 377 2528 parum
406 2428 639 2528 proficimus,
674 2445 713 2506 et
734 2432 873 2508 viribus
901 2431 1027 2508 frustra
1052 2429 1288 2508 consumtis
1278 2453 1317 2502 ιιι

103 2609 106 2616 ,
246 2545 416 2644 pristinis,
438 2543 721 2649 acquiescimus,
752 2545 794 2618 in
825 2545 961 2640 quibus
993 2556 1097 2620 antea
1126 2543 1261 2620 melius
1283 2557 1323 2614 et

68 2723 75 2755 ,
168 2729 171 2736 ,
247 2660 362 2734 tutius
379 2654 498 2736 fumet
518 2656 755 2753 acquiescere.
814 2649 876 2733 De
900 2658 1159 2734 communibus
1188 2672 1318 2732 autem

177 2791 181 2801 ·
247 2763 418 2866 Europae
442 2769 661 2844 ‘utilitatibus
695 2769 869 2867 dispicere
895 2773 977 2869 quis
1003 2769 1149 2856 tandem
1174 2771 1213 2846 in
1240 2770 1322 2844 ani-

160 2905 166 2916 ·
247 2883 350 2957 muna
368 2879 580 2970 induxerit?
615 2881 736 3066 prose
717 2885 918 2982 equisque
944 2883 1092 2962 confilia
1114 2885 1229 2981 agitat
1255 2903 1322 2958 aut

86 2987 90 3000 ’
141 3071 171 3093 ,,
246 2993 318 3072 sun
337 2993 553 3069 utilitatibus
570 2994 753 3092 promen.
814 2995 930 3072 Non
920 3013 1044 3096 itaque
1065 2997 1115 3072 est
1130 2991 1237 3073 locus
1257 3019 1324 3072 eu

247 3083 430 3237 peditioni
450 3101 724 3204 Europaeorum
742 3104 989 3207 longinquam
1030 3099 1160 3209 quam,
1195 3111 1218 3186 fi
1249 3111 1326 3183 alia

101 3223 128 3250 '·
220 3205 508 3307 *admitterent
538 3229 664 3296 mutua
695 3237 824 3320 regum
849 3227 939 3298 ndia
959 3239 996 3299 et
1019 3225 1143 3300 inuida
1163 3224 1327 3298 consilia

246 3333 440 3410 tollerent.
493 3329 620 3426 Quid?
651 3335 753 3433 quod
778 3335 957 3434 postilla.
985 3330 1195 3434 quaeab''
1172 3361 1217 3412 ns
1245 3339 1324 3410 ianr

247 3461 426 3546 occupata
443 3444 524 3522 sunt
541 3461 604 3524 aut
619 3449 666 3523 ab¹
690 3445 887 3527 Othmanis
912 3451 1067 3548 aliisque
1091 3450 1262 3535 validis¹
1252 3475 1330 3526 ιιιι-

175 3563 180 3578 ’
219 3563 356 3658 rperiit
372 3574 565 3641 tenentur.
586 3559 784 3638 nechabet
801 3576 978 3640 terrarum
997 3567 1116 3652 orbis,
1137 3585 1236 3664 quae
1256 3589 1332 3663 ap·

114 3733 115 3738 ι
248 3686 377 3772 perant
408 3666 613 3770 Europaei3
656 3674 720 3750 nifi
764 3673 911 3752 iorfitan
956 3677 1127 3754 interiora
1173 3677 1330 3755 Africae

187 3813 199 3822 ’
247 3785 464 3879 etlndiae3
500 3787 545 3862 ad
575 3809 669 3885 quac
700 3811 747 3863 ne
773 3789 929 3888 adspiret
958 3793 1122 3868 auaritia
1134 3805 1171 3868 et
1197 3790 1324 3866 Ιίιιῑιι.

248 3900 388 3988 nostra,
417 3899 525 3976 caeli
522 3913 562 3976 ct
580 3897 643 3976 soii
662 3899 788 3977 natura
808 3891 1041 3980 intercedit.
1070 3899 1169 3982 Ruffi
1190 3920 1230 3979 et
1251 3911 1318 3982 Αιι

246 4015 361 4094 tiriaci
380 4009 602 4174 tanquamin
621 4013 753 4092 finibus
761 4013 931 4150 Europae
943 4017 1165 4096 excubantes
1183 4041 1329 4117 magr.-

694 4167 708 4178 ·=
1160 4135 1328 4232 imperi
