2644 4746
192 363 204 377 ·
254 337 338 446 148
393 327 581 422 Libertas
601 327 826 483 populorum
842 351 936 416 roro
959 351 1045 415 euru
1066 253 1243 476 upebau

254 537 326 617 suis
341 536 487 637 legibus
504 549 712 628 uterentuu
731 551 774 622 ,at
792 533 848 610 illi
867 532 1048 610 malorum
1073 527 1210 636 pertaesi
1228 527 1292 605 De·

254 655 329 731 ioci
346 675 504 750 reguum
520 651 661 727 deferre
679 651 859 727 maluere:
887 649 972 747 qui,
1001 663 1040 722 vt
1056 645 1229 745 potentiae
1245 643 1290 716 fir-

255 785 483 846 mamentum
503 783 662 862 pararet.
694 763 885 842 Ecbatanis
913 743 1071 838 condidit
1095 757 1291 836 idemerse·

257 897 396 983 quotus
413 880 463 954 est
479 879 589 956 stulto
605 879 780 968 bonfilio.
810 877 913 976 quod
926 877 988 952 alii
1010 874 1109 951 Adue
1133 894 1242 970 teger,
1264 883 1290 942 vt

258 999 298 1074 io
317 994 435 1072 'tuum
452 993 578 1072 locum
597 995 869 1070 communitum
894 1013 1063 1088 magnam
1087 985 1210 1088 populi
1231 1007 1291 1080 par-

150 1111 156 1122 '
256 1125 332 1188 tem
358 1122 529 1202 cogeret,
547 1129 655 1206 ¹quae
675 1108 816 1186 facilius
843 1105 946 1182 sicin
977 1104 1150 1205 porestpte
1173 1097 1292 1174 retineri

258 1218 384 1322 pollet
406 1217 566 1319 (Herod
587 1220 624 1311 l,
644 1218 730 1319 98.)
757 1219 839 1297 Nec
860 1223 983 1295 minus
998 1219 1059 1294 ulii
1078 1213 1202 1315 populi
1216 1213 1293 1285 suere

257 1336 435 1412 libertatis
453 1335 635 1412 l'ruduum
654 1337 746 1412 adeo
762 1330 901 1432 ig'nari,
919 1349 977 1418 rt,
1001 1355 1087 1410 cum
1103 1335 1140 1406 in
1158 1330 1295 1402 liberme

259 1447 373 1527 essent
394 1450 601 1539 constituti,
645 1453 795 1548 regibus
829 1447 880 1522 vti
908 1448 1071 1522 mallent
1141 1439 1296 1519 Nolumus

259 1563 474 1661 exemplum
483 1587 774 1640 commemorare
792 1561 923 1662 populi
934 1560 1124 1644 sortislimi.
1136 1560 1196 1656 qui
1208 1573 1296 1650 nuper

259 1678 362 1777 leges
381 1679 484 1775 regio
495 1681 652 1776 imperio
661 1675 994 1776 circumscribendo
1005 1676 1153 1773 scriptas
1166 1687 1201 1746 et
1215 1669 1298 1744 sulio·

259 1791 306 1868 lit
329 1809 367 1868 et
384 1789 537 1868 sublatas
563 1796 653 1868 mira
679 1816 764 1869 cum
791 1789 980 1888 voluptate
1001 1789 1105 1866 vidit.
1163 1781 1298 1862 Habebit

193 1898 198 1914 '
262 1903 328 1980 ille
358 1903 472 1992 forte.
524 1927 591 1982 cur
615 1910 722 1982 unius
761 1929 919 2004 regnum
943 1905 1037 1980 serre
1063 1900 1188 1980 mallet
1217 1917 1301 1994 quan

262 2017 482 2106 multorum,
507 2017 573 2094 fibi
601 2039 732 2096 mutuo
746 2021 1005 2096 inuidentium
1066 2015 1138 2096 Sed
1156 2017 1191 2090 iu
1207 2007 1303 2112 pribis

262 2133 442 2208 aetatibus
468 2149 609 2232 praeter
632 2132 788 2222 llledos,
819 2133 885 2230 qui
906 2155 927 2206 a
951 2155 1038 2229 rege
1070 2133 1148 2229 regi
1170 2125 1303 2228 mallentp

262 2238 367 2322 sucre
389 2241 626 2346 capadocem
664 2249 766 2324 suere
792 2242 918 2322 ludaei
944 2243 1152 2336 Palaemon
1193 2227 1245 2316 eiii
1269 2235 1303 2357 bip

153 2411 162 2416 -
263 2358 370 2436 nouo
390 2361 586 2461 exemplo,
603 2377 642 2440 rt
657 2385 787 2461 regum
803 2363 952 2436 iniurias
973 2359 1234 2438 ulciscerentur,
1250 2371 1302 2422 otu

265 2497 330 2552 eos
348 2475 584 2572 expulerunt,
597 2475 655 2552 sed
671 2483 711 2552 iu
736 2475 815 2552 duo
831 2497 943 2570 regna
961 2471 1201 2550 discesserunt
1227 2465 1255 2542 N
1262 2457 1302 2536 bl

266 2591 471 2666 etiamnum
484 2584 649 2668 barbatis
667 2590 815 2689 populis
831 2586 1015 2664 difficilius
1027 2589 1078 2663 est
1092 2589 1138 2663 ad
1152 2581 1296 2679 assequer.

266 2701 357 2778 dum
374 2706 504 2780 animis
520 2761 530 2788 .
550 2727 662 2804 quam
681 2700 780 2802 posse
799 2705 937 2798 regiam
956 2703 1173 2800 potestatem
1192 2699 1295 2793 legrbu

266 2815 525 2892 circumscribi
593 2815 723 2908 Quid?
764 2817 869 2916 quod
896 2839 966 2892 nec
996 2817 1091 2892 illud
1123 2831 1259 2892 tenent:
1295 2709 1302 2876 d

266 2925 378 3004 semel
399 2933 527 3006 ceteris
544 2933 707 3028 imperiis
728 2929 942 3027 praetuleris
961 2935 1098 3030 regiam
1120 2925 1301 3006 dominatio

267 3065 355 3118 nem
373 3043 486 3118 nullis
504 3043 649 3142 legibus
672 3042 1004 3144 circumscriptam,
1024 3047 1189 3144 pendere
1215 3031 1301 3118 omri

267 3157 404 3232 annu
430 3161 627 3260 instruero-e
648 3172 680 3236 ιι
703 3159 876 3260 erpeium
900 3163 1080 3256 praepu-
1130 3159 1217 3236 hurc
1244 3117 1301 3273 ab(

268 3273 393 3370 primo
413 3269 585 3350 locoesse
608 3273 926 3374 prospiciendum
966 3273 1158 3373 publicam
1186 3267 1250 3346 else
1272 3267 1300 3338 dr

269 3383 356 3461 bere
373 3385 487 3464 futuri
501 3391 597 3488 regis
623 3389 902 3474 educationem,
941 3411 1018 3464 oon
1041 3387 1197 3464 arbitrio
1213 3399 1300 3484 parri

194 3505 205 3530 ⁸
236 3545 239 3556 ι
268 3511 350 3576 tum
372 3513 410 3576 et
439 3501 644 3579 aulicorum
677 3501 979 3600 relinquendam:
1017 3503 1174 3600 quando
1191 3499 1298 3596 quido

269 3635 318 3691 ex
337 3637 376 3690 ea
394 3638 471 3692 nou
488 3615 713 3706 aulicorum,
742 3617 802 3694 scd
820 3619 910 3715 reip.
926 3607 1298 3716 omnisquemultirui

178 3768 189 3785 ι
268 3731 328 3804 nis
344 3728 437 3807 salus
456 3747 493 3807 et
508 3733 745 3810 incolumitas
763 3747 845 3829 apta
858 3748 895 3805 et
911 3754 1005 3807 nexa
1026 3733 1085 3808 eil
1148 3727 1299 3808 interdu

268 3843 403 3942 religio
425 3863 490 3922 aut
514 3869 597 3922 mos
620 3863 685 3924 aut
706 3849 926 3944 optimatum
954 3849 1094 3944 priuata
1113 3845 1250 3920 utilitas
1272 3837 1296 3909 a!

149 4001 153 4014 ·
267 3979 380 4058 quam
398 3963 688 4040 moderationem
706 3959 779 4036 siue
795 3957 1002 4036 suadetliue
1015 3961 1204 4060 imponit;
1226 3973 1258 4030 at
1275 3969 1299 4056 ep

266 4071 406 4175 plicitis
427 4097 471 4156 ru
502 4077 598 4156 berre
626 4077 813 4178 descriptis
833 4075 981 4174 legibus
1005 4077 1086 4152 iura
1105 4071 1299 4260 populboltssl

1192 4207 1218 4262 o
1259 4204 1296 4277 ep
