2644 4746
186 285 191 296 Ι
234 283 325 463 108¹
378 321 577 448 Certamen
604 287 829 496 litterarium
855 379 894 444 n
913 347 1176 492 LXXXlXa

233 563 385 664 egregio
399 561 541 664 pietatis
563 582 605 638 ac
620 559 809 659 religionis
831 559 1070 640 testificandae
1091 559 1292 660 specimine

230 678 397 756 habetur.
454 677 680 774 Magnorum
698 676 861 752 virorum
876 697 918 752 ac
931 677 1140 774 principum
1152 673 1292 752 honori

213 813 275 868 ¹nc
296 791 495 868 memoriae
523 801 563 864 rt
586 787 818 867 consulerent
841 785 973 868 Graeci
999 801 1038 866 et
1060 785 1221 866 Romani
1244 783 1294 886 *)

187 973 190 980 Δ
230 905 429 1005 impensam
450 907 488 980 in
503 915 787 980 monumentum
803 901 1004 991 faciebant,
1041 901 1145 1001 quod
1160 902 1205 980 ad
1222 925 1293 1002 po·

229 1019 423 1096 lleritatem
450 1017 579 1094 durare
595 1013 719 1114 pollet
787 1013 837 1094 At
856 1015 912 1092 isti
935 1015 1134 1104 homines„
1159 1019 1225 1116 qui
1249 1019 1292 1091 in

207 1131 337 1226 ¹lucro
365 1143 514 1231 porum
548 1125 682 1208 caussas
716 1140 754 1206 et
782 1131 1076 1228 opportunitates
1112 1129 1232 1208 laxus
1255 1143 1294 1204 et

196 1329 199 1334 ,
227 1244 337 1324 sallus
352 1243 576 1332 ostentandi,
604 1244 644 1346 in
663 1264 772 1320 renas
796 1243 903 1320 volus
920 1245 1100 1322 momenti
1117 1243 1175 1320 vel
1199 1265 1294 1343 pau·

226 1380 353 1437 carum
367 1357 541 1436 horarum
556 1355 809 1434 fascinationes
817 1355 1015 1436 oculorum
1033 1369 1071 1434 et
1084 1357 1293 1460 praestigios

226 1471 424 1550 absumunt
442 1470 598 1589 fliuitias,
609 1493 703 1570 quac
717 1455 763 1546 ad
777 1458 1006 1549 momentum
1020 1493 1182 1570 persone
1198 1471 1293 1548 edu·

226 1585 406 1674 cendum,
433 1583 480 1662 ad
495 1585 625 1664 vastam
650 1583 772 1682 operis
800 1583 946 1661 molem.
962 1583 1023 1660 vel
1046 1585 1134 1662 artis
1158 1586 1292 1681 exqui-

226 1697 310 1776 srtae
328 1691 483 1800 speciem
502 1696 704 1776 mirabilem
722 1693 886 1776 sufficere
908 1705 1089 1799 potemus
1149 1696 1217 1786 Ilo,
1228 1699 1290 1795 fibi

174 1859 198 1878 ··
225 1815 332 1892 vium
348 1813 415 1911 qui
433 1811 541 1888 semel
561 1808 782 1900 elicuerunt,
811 1837 867 1888 nec
875 1815 1081 1912 posterorum
1093 1835 1205 1890 curcur
1230 1809 1294 1885 sao·
1320 1869 1321 1918 3

222 1923 404 2030 bmesocile
420 1920 571 2026 poliunt,
596 1949 651 2002 mc
666 1926 834 2002 moriae
847 1923 940 2028 sune.
998 1921 1184 2004 Mireutur
1197 1923 1290 2001 haec
1320 1925 1321 1960 ¹

225 2041 292 2140 qui
306 2039 452 2131 volent3
475 2039 582 2114 nobis
598 2036 887 2116 condonandum
905 2038 992 2125 erit,
1008 2035 1034 2116 fi
1053 2037 1195 2135 ingenii
1208 2060 1292 2112 mo·

224 2154 413 2230 nomentio
430 2151 535 2228 editis
558 2151 631 2229 diei
652 2149 732 2228 sesti
760 2149 926 2230 sollenne
949 2173 1027 2228 nou
1048 2149 1166 2229 modo
1190 2153 1289 2227 inter

221 2289 294 2344 nos
324 2265 530 2354 celebrare,
564 2287 700 2346 nerum
725 2263 855 2342 iisdem
883 2285 975 2342 mox
999 2264 1104 2364 prelo
1128 2243 1289 2362 vulgatis

220 2383 315 2476 alios
339 2399 510 2480 quoque.
544 2389 735 2478 quotquot
750 2375 888 2454 litteras
910 2377 1062 2468 colunt,
1113 2380 1289 2477 pietatem

179 2483 183 2490 ’
219 2493 382 2572 nostram
405 2492 537 2570 docere
561 2491 759 2569 soluimus.
828 2489 1052 2572 incedemus
1080 2491 1208 2590 itaque
1240 2489 1290 2564 ad

221 2607 614 2686 commemorationem
640 2603 876 2703 scriptorum,
920 2625 1015 2704 quae
1037 2605 1077 2680 in
1099 2617 1290 2682 certamen

220 2715 455 2810 fueremilla.
484 2733 522 2795 et
538 2719 590 2797 ad=
605 2717 739 2796 iudicia
758 2717 804 2797 de
828 2719 872 2796 iis
896 2716 1045 2822 publice
1070 2715 1172 2796 stila.

220 2911 412 3012 Vtileque
429 2911 475 2986 ab
503 2907 626 2986 Ordine
653 2907 894 3007 Theologorum
917 2911 1068 2992 exordia
1090 2911 1288 3002 ducantur,

116 3087 123 3096 .
218 3023 406 3132 propolita
433 3024 549 3102 abeo
580 3035 658 3104 erat
687 3025 849 3124 quacllio
879 3014 949 3102 nec
972 3025 1170 3130 impedita,
1215 3051 1291 3106 nec
1319 3033 1320 3094 l

632 3136 870 3226 infrusluosa:

308 3247 312 3252 ¹
374 3270 434 3344 ,De
447 3275 561 3336 saturn
580 3266 696 3330 ambitu
718 3277 747 3330 rt
761 3270 954 3354 praestantia
979 3271 1134 3358 praecepti
1153 3288 1289 3351 euange.

443 3354 495 3420 tici
515 3351 553 3418 de
574 3350 742 3433 diligendis
763 3354 904 3424 inimicis.
1180 3359 1186 3377 “

176 3492 179 3501 ’
210 3459 218 3548 J
329 3469 609 3554 Commentatus
633 3487 710 3550 erat
729 3473 767 3550 in
794 3495 874 3552 eam
897 3495 991 3552 vous
1015 3495 1036 3552 e
1062 3471 1289 3552 nostratibus

200 3608 289 3710 'aec
306 3587 463 3668 omnino
487 3584 651 3679 indollc.
689 3587 856 3669 oratione
885 3601 1008 3668 tamen
1033 3609 1165 3692 parum
1192 3610 1291 3666 con-

994 3733 999 3736 ·
1160 3723 1288 3782 cinna.
1318 3767 1319 3782 r

280 3875 317 3957 a)
338 3873 494 3950 Quamdiu
508 3871 758 4020 ¹⁰5⁰m·h³b{2‘²
777 3873 856 3938 illud
876 3859 1019 3940 Horatii:
1049 3876 1206 4022 eryr'uatus
1221 3877 1289 3936 iilis
1318 3815 1319 3844 ¹

326 3955 433 4117 {53ss
450 3967 1022 4126 {illelizz‘mqlslllstill
1036 3963 1175 4108 ..rolli
1192 3961 1289 4130 sii?

327 4127 399 4208 quis
421 4134 546 4209 quaeret
554 4133 645 4204 pater
657 4127 776 4190 urbium
784 4119 939 4208 subscribi
944 4127 1078 4212 statuis:
1100 4127 1287 4192 indomitum

328 4209 443 4274 nudant
463 4207 620 4296 ress-soors
641 4211 800 4274 licentiam.
