2672 4746
199 287 235 444 ³6
327 344 332 353 ·
479 341 652 438 Morsus
678 281 820 463 engere
847 265 1053 434 unane

207 515 413 658 protrahet,
472 551 600 630 relido
640 553 777 651 cuique
811 548 931 628 libero
970 547 1084 626 animi
1125 545 1280 648 iudicio,

208 669 349 776 quippe
361 663 539 744 incanssis
553 667 815 764 opinabilibus,
826 685 921 765 quae
937 663 983 741 ad
997 665 1157 740 liberum
1168 665 1281 740 animi

208 783 389 860 iudicium
409 783 517 858 unice
546 780 713 883 redeunt.

101 1031 108 1050 ‚
325 943 423 1026 Cum
453 947 578 1046 itaque
601 969 724 1024 rerum
752 905 1025 1048 bominumque
1049 946 1143 1022 ratio
1169 967 1285 1021 snum

212 1083 402 1166 quemque
430 1059 511 1138 sana
537 1073 660 1139 mente
683 1061 868 1138 valentem
897 1059 979 1138 satis
1007 1057 1183 1148 doceat,·
1206 1057 1285 1158 ijeri

183 1205 186 1217 ’
215 1173 317 1278 poffe
342 1175 614 1262 nullomodo,
638 1187 696 1266 vt,
715 1166 862 1276 ¹fiquid
881 1197 951 1275 pro
975 1195 1064 1250 vero
1090 1187 1128 1249 et
1155 1171 1292 1272 expio.

54 1274 76 1392 ⁸,
126 1307 133 1316 '
216 1307 297 1385 rato
314 1290 511 1378 habemus,
541 1289 624 1380 alii,
656 1289 721 1389 qui
744 1313 822 1366 non
839 1291 885 1366 ab
901 1287 1031 1366 iisdem
1053 1287 1286 1375 notionibus,

158 1429 164 1443 ·
216 1403 587 1496 senfibus,·euentis,
620 1405 902 1504 experimentis,
941 1401 1159 1489 obseruatis,
1199 1423 1289 1500 pro·

216 1515 438 1608 ficiscuntur,
459 1539 580 1618 neque
597 1518 725 1594 eadem
743 1516 943 1617 cogitandi,
962 1515 1292 1606 meditandicom·

46 1665 50 1682 ·
216 1629 408 1710 mentundi
431 1633 488 1708 via
509 1655 552 1712 ac
575 1632 692 1710 modo
720 1629 895 1734 progreffi
926 1631 1028 1718 sunt,
1072 1630 1171 1707 idem
1192 1627 1292 1705 iliud

167 1837 174 1858 κ
219 1745 446 1845 perspersum
464 1747 609 1845 pariter,
624 1770 751 1824 verum
767 1745 1094 1848 epiploratumque,
1109 1741 1293 1840 habeant:

219 1859 406 1936 labentem
425 1871 463 1935 et
478 1857 665 1938 infirmum
682 1873 1009 1960 aegrotantemque
1036 1857 1164 1936 iudicii
1187 1857 1296 1935 babi-

219 1987 302 2050 tum
318 1973 507 2072 animique
531 1977 706 2051 morbum
729 1977 984 2054 imminentem
1004 1989 1067 2050 aut
1088 1974 1162 2048 iam
1187 1973 1296 2047 inua-

192 2164 195 2179 ι
219 2085 417 2162 lescentem
436 2087 509 2165 hoc
527 2090 669 2188 arguit,
698 2087 860 2196 dalius,
889 2089 997 2165 etiam
1023 2097 1221 2164 renuentes
1238 2109 1296 2161 re·

191 2297 198 2318 Ι
222 2199 483 2300 cusantesque,
530 2225 665 2302 eogere
692 2203 782 2280 velis
805 2217 845 2280 vt
865 2201 966 2280 idem
989 2213 1114 2280 te'cum
1134 2199 1295 2278 sentiant

148 2329 155 2346 “
220 2312 463 2413 statuuntque.
520 2313 637 2410 Quod
653 2317 849 2395 nimature
871 2315 1117 2406 succurratur,
1150 2315 1299 2416 praeui-
1330 2311 1331 2368 i

223 2425 304 2502 deri
320 2424 555 2528 praedicique
571 2417 707 2530 potest,
737 2431 911 2510 morbum
932 2433 971 2507 in
992 2423 1133 2544 febrem
1147 2429 1301 2537 per-icu-
1329 2491 1330 2547 q

222 2539 338 2618 lofam
356 2541 580 2643 tandemque
593 2545 632 2621 in
658 2544 834 2622 insaniam
858 2542 927 2621 effe
947 2545 1145 2622 abiturum.

337 2705 440 2784 Inter
464 2707 566 2806 iigna
591 2711 714 2786 morbi
742 2709 882 2788 occulti
907 2723 971 2790 aut
999 2707 1180 2788 manifesti
1212 2710 1303 2786 sunt
1328 2667 1329 2726 Ν

223 2819 395 2896 muitaac
412 2814 508 2894 v'aria
519 2821 565 2896 ab
580 2819 652 2920 ipia
663 2835 789 2901 natura
807 2824 892 2902 maii
908 2821 1305 2924 profetiamorbique
1327 2853 1328 2905 r

223 2933 497 3010 incrementum
522 2934 789 3016 constituentia.
860 2933 1031 3016 Obuium
1060 2950 1098 3016 et
1126 2951 1327 3039 apertum,

226 3043 278 3122 est
293 3043 407 3129 illud.
441 3043 588 3124 daliter
604 3046 798 3129 sentientes
825 3049 920 3129 ferre
943 3073 1125 3154 nequeas,
1165 3049 1194 3127 fi
1222 3051 1311 3150 pal-

223 3156 309 3236 lore
323 3181 366 3236 ae
383 3157 519 3236 rubore
535 3163 694 3240 varietur
710 3163 832 3255 facies,
850 3177 887 3243 et
906 3164 1094 3266 respiratio
1110 3164 1153 3242 srt
1169 3167 1312 3242 erebra

226 3293 271 3350 ac
288 3268 467 3366 difficilis3
496 3269 544 3362 fi,
573 3275 682 3374 pulsu
698 3300 874 3356 venerum
897 3281 1156 3382 praecipitato,
1179 3279 1325 3362 modo,

226 3384 462 3470 conueiietnr
476 3407 612 3486 corpus
629 3391 745 3475 modo
768 3393 921 3472 horrore
946 3394 1107 3472 concula
1123 3395 1316 3496 corripia-

227 3496 379 3592 tur31i.
417 3497 563 3576 dicente
588 3501 725 3596 altero,
761 3507 851 3584 risus
872 3505 1073 3586 Sardonius
1094 3530 1145 3584 vos
1180 3508 1315 3585 intor-

228 3623 363 3710 queat,
392 3625 456 3689 aut
472 3612 637 3694 oscitatio
653 3619 780 3697 erebra
800 3621 861 3698 vel
878 3618 978 3700 tudis
993 3621 1194 3722 pulmones
1203 3643 1323 3724 qua«

226 3725 316 3814 tiat,
346 3721 371 3800 ii
389 3737 527 3804 tremor
542 3749 585 3806 ac
601 3729 791 3832 palpitatio
809 3735 974 3814 membra
986 3735 1149 3828 inuadat,
1169 3735 1322 3836 lingua

227 3835 429 3926 balbutiet,
459 3851 496 3916 et
511 3843 614 3920 oculi
636 3859 699 3922 ant
714 3849 812 3928 torui
829 3851 991 3950 rigeant,
1028 3863 1093 3930 aut
1117 3851 1322 3978 vertiginq

230 3962 450 4050 urgeantur3
475 3956 644 4052 grauiora
668 3957 769 4052 sunt,
805 3959 833 4039 fi
856 3963 895 4040 in
912 3979 997 4055 eos,
1040 3967 1107 4068 qni
1130 3965 1173 4044 in
1196 3975 1275 4043 tua

232 4066 448 4152 sententiaro
473 4070 679 4152 concedere
700 4075 859 4170 uniunt,
904 4079 956 4158 ira
980 4091 1019 4158 et
1041 4079 1131 4160 odio
1144 3993 1321 4164 exercet]

266 4225 270 4232 ,
1188 4195 1292 4274 beri
