2644 4746
230 307 311 410 132
369 291 417 385 E
429 245 566 413 quidm
579 291 692 378 terris
700 252 893 405 ‘mnucipin
916 286 962 376 in
980 285 1215 380 Graecarum

224 505 379 581 mature.'
431 493 619 574 Euelletur
637 494 807 593 perhanc
829 494 959 569 animis
979 507 1102 592 'praua
1122 496 1184 582 illa
1209 497 1284 594 opi.

225 609 562 693 nio'admirautium
575 609 760 684 audaciam
777 595 1046 684 autranitatem
1064 623 1193 706 regum
1210 633 1285 699 cae.

223 705 332 806 dibus
358 725 608 823 iiragibnsque
632 721 828 798 hominum
864 723 1084 818 urbiumque
1120 737 1157 798 et
1185 743 1286 820 agen.

175 860 181 873 ·
224 867 306 920 rum
330 837 688 935 incendiisglnriam
716 835 960 912 immortalem
993 833 1284 934 irbiparantium.

89 1003 120 1014 ··
224 953 444 1034 Desinemus
467 949 669 1049 aliquando
698 948 884 1033 extollere
913 949 1083 1024 laudibus
1120 953 1288 1026 virtutem

227 1069 432 1148 Romanam
442 1067 563 1142 omnis
574 1077 749 1138 terrarum
768 1059 869 1138 orbis
889 1064 1109 1140 vastatricem
1121 1078 1158 1138 et
1176 1067 1212 1138 in
1230 1089 1289 1160 ge·

225 1185 322 1259 neris
340 1179 490 1256 humani
509 1177 747 1254 calamitatem
768 1175 931 1252 adultam
948 1193 985 1251 et
999 1179 1147 1251 auilam.
1187 1175 1290 1268 Quid

226 1291 350 1374 enim?
380 1291 499 1369 Vnius
516 1289 649 1390 populi
668 1289 813 1366 vilioris
845 1305 964 1364 tantae
992 1302 1030 1363 vt
1051 1287 1164 1368 ellent
1189 1313 1291 1389 opes,

158 1431 162 1452 ¹
227 1411 295 1485 alia
325 1407 405 1507 post
431 1407 538 1482 aliam
564 1403 756 1502 prouincia
787 1405 874 1476 viris
902 1399 1113 1502 opibusque
1135 1403 1207 1480 init
1231 1425 1293 1479 ex·

224 1519 365 1600 hausta!
394 1515 620 1618 viqueeffet.
639 1516 737 1590 vnde
755 1515 810 1589 illi
824 1515 963 1590 barbari
980 1516 1176 1604 alerentur,
1198 1517 1294 1592 vnde

226 1638 319 1714 luxu
340 1634 566 1717 diffluerent,
591 1653 656 1730 per
670 1644 801 1705 umnes
822 1625 1006 1728 Europae,
1036 1629 1134 1706 iliae
1152 1631 1293 1706 etrliri-

227 1775 290 1828 cae
304 1765 438 1833 terras,
477 1767 698 1843 corporane
725 1741 884 1820 familiae
914 1745 1038 1840 patriis
1061 1743 1205 1820 sedibus
1231 1749 1295 1818 ab·

226 1864 380 1949 strenae,
400 1863 438 1934 in
458 1857 571 1946 ltalia,
591 1856 693 1932 nulla
713 1855 1035 1954 prole-superstite,
1055 1857 1295 1934 interierunt!

226 1975 430 2076 atquequi
455 1975 637 2070 perierant
661 1969 916 2058 reficeremur,
961 1970 1051 2047 aliae
1077 1961 1296 2048 testationes

223 2091 354 2174 saeue,
380 2089 484 2163 omni
501 2086 655 2186 iniuriae
677 2085 805 2180 generi
831 2086 868 2158 in
893 2085 1006 2159 libera
1026 2107 1185 2181 quoque
1213 2107 1298 2160 cor-

225 2225 315 2304 pora
333 2199 389 2276 via
409 2195 600 2300 patefadla!
657 2193 800 2272 Verum
825 2197 1001 2276 libertatis
1029 2215 1172 2294 ereptae
1199 2200 1296 2274 mala

226 2331 284 2394 tot
306 2337 348 2392 ac
363 2327 462 2389 tanta
484 2312 586 2402 sunt,
614 2323 652 2387 rt
668 2313 708 2386 in
726 2313 769 2388 iis
793 2311 1050 2390 enumerandis
1076 2311 1206 2388 frustra
1231 2313 1297 2388 ali·

227 2433 311 2534 q'tiis
327 2427 478 2506 desudet
491 2420 552 2529 s).

337 2628 449 2710 Noua
470 2621 629 2706 iuceeffit
647 2626 742 2702 iuter
769 2621 958 2702 Romanos
977 2617 1112 2712 caussa.
1149 2647 1299 2708 nouum

223 2744 437 2832 confilium,
468 2758 507 2816 vt
524 2741 702 2837 mancipia
721 2741 1047 2833 conquireremus,
1085 2735 1226 2816 scilicet
1255 2737 1321 2816 nd¹

223 2887 325 2960 opera
340 2855 645 2955 publicasnrr'mda.
664 2851 970 2928 Seruorumenim
982 2850 1225 2949 publicorum
1244 2857 1298 2927 in·
1320 2931 1321 2946 Ν

222 2971 391 3050 credibili
419 2971 524 3066 copia
556 2964 719 3040 miranda
748 2964 810 3038 iila
843 2978 1006 3040 veterum
1038 2988 1170 3062 opera,
1200 2991 1298 3042 mon

179 3153 186 3165 .
220 3083 470 3164 aedificiorum
490 3078 604 3156 modo
621 3079 760 3160 moles.
780 3099 907 3154 serum
927 3081 1011 3166 vias,
1032 3080 1297 3176 aquaeduilus.
1320 3065 1321 3132 l

221 3215 373 3300 portus,
414 3191 538 3292 perfici
557 3191 661 3268 inlita
675 3186 744 3264 effe
769 3187 849 3268 latis
873 3191 1021 3266 constat
1072 3189 1299 3302 'Mancipim

219 3337 301 3390 rum
321 3305 593 3392 manusudore,
606 3303 780 3402 languine
796 3303 1297 3404 iliaoperafuernnteduiia,

218 3438 382 3526 quntum
398 3421 506 3500 salias
526 3423 647 3494 ruinas
666 3416 767 3494 nulic
782 3420 975 3518 miramur.¹
1003 3417 1147 3516 Magno
1166 3425 1298 3519 vtique

219 3562 261 3616 ea
277 3529 469 3614 constitiiie
487 3532 706 3622 humanitati
720 3529 873 3637 digeris!
897 3528 1120 3630 Magnarum
1139 3540 1301 3632 prouin-

217 3654 355 3730 ciarum
374 3651 508 3750 opibus
525 3639 706 3720 exhaustis
724 3644 905 3742 impensae
923 3638 1123 3742 Quaesitae,
1141 3659 1178 3722 et
1195 3651 1297 3725 lame

90 3785 92 3794 ’
216 3768 475 3860 aerumnisque
499 3759 617 3834 multa
645 3757 761 3834 millia
795 3755 990 3834 hominum
1021 3759 1210 3852 confecia,
1261 3779 1299 3839 vt

80 3871 86 3988 ζ
215 3879 593 3960 materiaetmarmor
622 3886 828 3971 pararetur,
856 3871 947 3962 alia,
981 3886 1020 3952 vt
1040 3872 1202 3952 Romam
1235 3877 1299 3951 ad.

1138 3988 1297 4067 vehere-

269 4147 316 4238 f)
336 4145 429 4220 cont
445 4139 789 4218 emeritensium.
805 4165 832 4212 e.
846 4162 878 4230 p·
892 4153 962 4220 128·
1001 4095 1007 4108 Ι
