2626 4738
128 387 370 527 ‘restituendi
395 393 606 488 libertatem
634 397 870 518 reipublicae.
939 369 1070 518 '341'
1155 453 1163 470 ,
1240 428 1294 508 ,-·

7 611 82 676 xtra
117 599 237 678 aleam
273 577 471 680 cbnstirbti.
544 601 658 704 Atqui
687 605 837 700 fortuna
872 563 1053 710 cuiusque
1125 567 1168 714 Ι,
1298 553 1300 600 Ι

10 719 90 812 ngit
112 739 253 806 mores,
281 717 477 818 prudentia
499 733 693 797 externum
717 721 906 818 habitum3
943 737 981 802 et
1001 725 1053 804 fa·

6 833 92 904 ilius
116 831 174 920 ell,
201 829 327 920 dum
317 832 391 931 rp
358 827 501 908 liber
516 831 571 922 fis
599 835 678 911 alus
698 835 863 914 seruilem
883 823 1067 921 ιιιιιιιιιιιιΙ
1152 893 1155 900 ·

6 947 220 1040 xprobrare,
253 969 365 1045 quam
389 948 428 1022 in
447 945 619 1049 seruitute
642 952 808 1030 animum
829 942 987 1030 erenum
1006 977 1057 1034 ao
1193 1057 1196 1070 y
1299 921 1301 948 ἱ

8 1063 139 1140 berum
162 1061 331 1142 retinere

90 1193 194 1306 Inter
221 1229 311 1309 baec
336 1229 540 1330 principes,
577 1251 663 1308 cum
689 1229 865 1312 summam
892 1231 1049 1333 potesta·

6 1367 46 1417 m
71 1345 110 1418 in
130 1341 456 1444 militariimperio
486 1344 640 1444 politam
663 1342 731 1420 elle
750 1345 937 1437 viderent,
968 1371 1047 1448 quo
1073 1343 1081 1376 '

6 1463 134 1554 nisque
159 1457 320 1540 deterior
345 1471 382 1536 et
402 1457 447 1533 ad
464 1458 650 1544 licentiam
675 1441 851 1536 effrenem
878 1457 1083 1561 promae<

6 1595 17 1648 ι
34 1570 186 1649 effusror
209 1587 285 1648 erat
306 1573 350 1654 ad
375 1572 510 1648 milites
527 1574 788 1676 largitionibus
805 1597 1049 1674 corrumpen-¹

6 1713 48 1760 ιε.
122 1681 177 1761 Vt
200 1687 414 1766 exhaustum
445 1709 511 1786 per
535 1711 594 1768 ees
625 1689 787 1787 aliasque
814 1687 1045 1788 profufioner

6 1803 151 1878 ratium
176 1824 243 1900 per
258 1803 408 1882 iniurias
425 1815 462 1877 et
477 1801 609 1884 {celera
633 1805 671 1878 in
689 1801 767 1878 dies
782 1803 883 1880 non'a
900 1801 1047 1902 supple·

6 1931 71 2002 nr,
104 1915 257 2000 unicum
280 1931 356 1992 erat
379 1917 544 1998 [ludium
559 1939 709 2003 eorum,
739 1917 867 2016 quiin
890 1921 1045 2016 gratiam

6 2031 149 2128 incipis
175 2029 335 2128 irrepere
351 2029 518 2108 vellent·
559 2029 645 2116 Hoc
661 2043 784 2112 autem
803 2033 841 2112 in
861 2031 953 2113 aulis
973 2031 1045 2110 stu·

9 2169 68 2220 nm
107 2167 193 2220 cum
235 2145 396 2244 primum
429 2139 623 2228 subnatum
663 2144 884 2250 auctumque
921 2146 1043 2234 fuerit,
1128 2211 1133 2220 .

6 2257 128 2333 :rintla
158 2260 278 2338 iacent
302 2259 428 2336 omnia
448 2257 562 2341 studia
587 2259 765 2352 bonenn-
795 2272 852 2348 et,
879 2259 945 2338 mfi
966 2284 1043 2364 ma-

9 2401 44 2450 re
81 2371 281 2451 occursum
312 2372 454 2461 fuerit,
491 2371 609 2456 aerum
635 2373 684 2452 ‘est
713 2373 785 2456 ianr
811 2385 891 2456 tum
917 2374 965 2454 de.
986 2399 1044 2452 re·
1093 2419 1094 2433 ι
1133 2453 1141 2462 ,

7 2490 139 2580 rblica;
169 2498 295 2564 manet
318 2486 500 2584 flagitium
521 2485 768 2588 praesentem,
803 2489 959 2568 exitium
985 2488 1042 2566 fu·

10 2627 83 2677 mm
118 2613 286 2680 aetatem.
342 2599 414 2700 ‚tlt
439 2600 607 2700 legiones
639 2614 676 2682 et
708 2599 969 2698 largitionibus
1006 2613 1043 2678 et

7 2717 182 2815 lciplinae
201 2712 406 2794 remillione
427 2717 465 2790 in
486 2715 673 2795 licentiam
696 2711 847 2804 effusae,
880 2715 1047 2818 cumque
1174 2803 1186 2816 ,

39 2831 316 2927 multomagis
350 2830 574 2937 praetorium
605 2827 670 2909 sub
703 2829 899 2912 moenibus
941 2830 1041 2905 vrbis
1081 2852 1083 2860 ·
1142 2897 1149 2907 .

9 2951 156 3031 bitum,
187 2943 335 3022 tandem
361 2945 399 3018 in
428 2941 524 3044 ipsos
548 2945 732 3046 principes
758 2942 913 3038 laeuire,
946 2941 1059 3022 alios»
1165 2941 1171 2964 “

8 3063 155 3158 incipes
180 3079 248 3161 pao
269 3057 390 3141 lubitu
408 3079 557 3144 necare,
583 3055 865 3154 alios'salutare3
893 3070 1040 3158 promta

15 3176 206 3254 deteriora
224 3171 350 3272 plebe:
373 3174 478 3252 cuius
493 3165 659 3263 rabienlr
674 3167 785 3249 semel
798 3169 924 3268 legum
937 3183 1044 3252 metu

9 3287 132 3366 inlota
150 3285 281 3378 fuerit,
311 3309 390 3368 nou
408 3283 473 3368 uisi
491 3285 637 3370 laniena
655 3282 838 3392 compesci
853 3283 981 3390 potest·
1132 3291 1140 3310 “

74 3453 200 3551 Quod
220 3467 337 3554 patres
354 3454 393 3528 ln
411 3453 620 3552 prlnclpatu
635 3471 764 3535 recena
780 3415 1041 3530 constituendo

13 3597 33 3646 n
56 3567 317 3670 prouiderunt,
350 3567 388 3644 id
407 3566 472 3644 sub
495 3578 657 3645 extrema
673 3577 853 3674 tempora,
874 3563 1040 3758 Augussto

10 3711 40 3760 re
65 3683 244 3782 Principe
272 3682 386 3782 longa
410 3680 581 3780 potentia
598 3677 740 3772 valido,
777 3665 881 3765 fibi
872 3701 950 3760 rure
974 3677 1064 3760 suo„
1104 3720 1111 3748 ι
1221 3713 1231 3730 ι

11 3801 153 3876 nlicere
173 3790 433 3877 multominus
450 3791 523 3876 aust
539 3789 640 3881 sunt,
666 3803 707 3868 vt
721 3789 1039 3881 deliberationem,
1059 3801 1062 3806 ’

11 3919 39 3988 is
58 3939 96 3990 er
86 3910 339 4008 succederet,
373 3907 468 3984 adse
485 3909 669 4007 pertinere
687 3905 806 4006 palam
824 3905 1040 4010 profiteren-

11 4025 151 4108 Ιιι
174 4001 339 4106 conferta
362 4023 413 4104 est
435 4023 557 4104 onmis
582 4043 638 4104 tes
662 4021 800 4100 artibus
819 4019 1039 4106 domesticin
1059 4059 1064 4068 ·

12 4127 437 4240 rnillumquellugullo,
452 4147 678 4252 vttanquam
693 4133 867 4238 heredem
883 4131 1041 4216 familiae

299 4239 713 4348 ..κΥι-
957 4244 1172 4356 suae*
