2742 4732
161 257 295 432 '476
452 311 572 408 „ne
601 311 706 406 aean
733 285 970 442 {minin

59 577 74 594 .
206 519 314 602 facile
334 519 383 600 est
407 519 481 597 aila
503 543 637 618 magna
662 543 783 600 rerunt
801 522 897 596 inter
915 521 1087 598 barbaros
1116 520 1282 621 populos

206 633 422 737 conuerfio,
457 657 552 734 quae
575 659 652 712 non
676 639 723 711 ab
745 635 928 714 eiusmodi
947 635 1118 735 populis,
1163 651 1202 712 et
1228 636 1286 712 his

207 753 447 849 imperiorum
467 752 577 840 vitiis,
607 747 765 849 profetia
786 748 838 836 stt.
866 752 1002 848 quibua
1026 751 1137 828 toties
1159 753 1285 847 gentis

102 943 104 950 ,
199 850 398 942 ‘numanae‘
415 864 460 940 ad
477 863 740 944 humanitatem
760 863 1033 946 maturescentia
1049 867 1288 946 incrementa

206 983 340 1060 iterum
366 978 503 1058 sublata
529 978 611 1056 sunt
634 993 698 1055 aut
720 978 909 1058 retardata.
954 1015 958 1027 ·

229 1225 238 1250 Ἃ
318 1143 401 1226 Nec
426 1146 547 1221 minus
576 1143 774 1224 crudeliter
800 1143 977 1224 saeuitum
1005 1143 1054 1222 est
1072 1143 1281 1232 a'Gtaecis.

205 1264 351 1362 quoties
380 1261 425 1349 ii,
470 1259 536 1358 qui
557 1285 659 1334 nouas
671 1259 760 1366 seder
780 1277 1018 1360 quaererent,
1034 1261 1284 1346 :inuaderent

200 1357 308 1452 'terror
329 1379 394 1452 iarn
414 1401 435 1449 o
454 1375 518 1468 sois
542 1371 718 1450 enitoribrn
730 1369 903 1478 poffeffos,·
933 1391 1072 1452 veteres
1090 1375 1194 1452 eninr
1218 1395 1283 1452 co·

203 1490 315 1566 lonos
339 1484 580 1572 trucidarant.
604 1511 738 1586 pueros
757 1489 986 1588 feminasque
1003 1489 1041 1567 in
1061 1485 1281 1568 seruitutem

106 1639 146 1664 w
203 1606 446 1703 redegerunt,
479 1604 663 1682 interdum
685 1625 836 1684 ornnem
860 1604 1005 1704 stirpem
1028 1603 1279 1684 exsciderunt.

204 1715 322 1797 Cuius
342 1719 519 1794 barbariei
539 1739 649 1816 quana
667 1715 771 1815 supra
789 1721 859 1796 iani
878 1721 1078 1815 attigimus,
1103 1719 1278 1823 exempia

152 1879 156 1888 «
203 1837 321 1910 multa
348 1837 385 1910 in
413 1831 569 1910 historiis
594 1831 774 1929 prostant,
821 1849 860 1905 vt
887 1831 924 1907 ir'r
953 1831 1086 1910 Ionum
1114 1833 1276 1912 coloniis

62 1977 73 1988 ·
201 1969 387 2046 perforanr
414 1943 512 2020 Anae
534 1947 752 2048 maritimam
777 1929 1009 2024 condendis.'
1062 1941 1166 2023 Ideni
1197 1949 1275 2022 bar.

89 2063 104 2148 ζ
204 2055 280 2134 bari
300 2079 318 2136 e
337 2059 442 2136 terrie
461 2058 671 2158 borealibus
682 2059 931 2160 ,saepe'facere
946 2059 1038 2156 auin
1068 2073 1106 2136 et
1124 2057 1278 2166 Hispani

124 2239 129 2250 .
194 2179 240 2270 gin
267 2171 392 2252 insulis
420 2173 607 2251 American
640 2177 821 2274 terrisque
852 2197 944 2274 quas
973 2167 1167 2271 adierunt3
1208 2196 1278 2254 nec

125 2331 129 2348 ·
202 2278 379 2365 diffiniilis
400 2285 494 2380 fuit.
534 2278 645 2384 qoam
672 2291 742 2365 iarn
766 2290 1163 2379 commemorauimus,
1201 2287 1277 2370 He·

202 2403 397 2483 braeorum
424 2403 605 2480 barbaries
635 2405 674 2482 in
700 2399 894 2482 Palaestina
928 2403 1167 2504 occupanda3
1215 2407 1276 2482 cui

200 2533 327 2616 parem
357 2515 485 2594 multis'
507 2501 655 2594 saeculis
684 2517 764 2616 post
794 2520 938 2617 experti
963 2517 1046 2596 sunt
1068 2517 1154 2618 ipsi,
1189 2542 1275 2600 cum

203 2617 225 2706 a'
246 2626 423 2712 Romanis
451 2631 496 2708 ad
520 2633 812 2714 internecionem
839 2655 932 2732 gens
955 2629 1072 2712 excisa
1096 2631 1156 2712 est.

315 2795 426 2878 Haud
445 2821 528 2874 raro
546 2780 727 2878 tamenin
742 2801 834 2902 ipsts,
863 2803 920 2900 qui
942 2792 1047 2880 notras
1062 2800 1154 2903 sedes
1177 2826 1274 2902 qnae·

203 2925 327 3000 nerent,
358 2913 450 2992 haec
465 2914 674 2990 imnranitaa
690 2915 807 2993 exitio
825 2913 905 3002 fuit.
929 2937 1014 2994 eum
1033 2917 1079 2992 ab
1097 2919 1154 3006 iis.
1180 2939 1274 3016 quo·

204 3051 286 3105 rurn
318 3027 418 3106 sedes
455 3023 687 3126 poiseffionee
721 3049 795 3130 que
826 3029 946 3109 adorti
980 3029 1104 3118 e'rant.
1154 3031 1270 3131 strage
1348 3099 1349 3126 t

114 3193 120 3200 -
203 3143 292 3221 noa
325 3141 608 3244 profligarentur
648 3156 712 3223 aut
751 3146 1005 3222 internecione
1047 3143 1269 3224 delerentur.
1348 3133 1349 3225 i

80 3287 85 3294 ·
204 3259 326 3355 Atque
358 3257 431 3336 hoc
457 3258 506 3334 est
532 3255 627 3334 forte
656 3279 774 3355 genus
800 3255 876 3338 init
896 3259 1081 3340 internecini
1108 3262 1270 3350 inicum,
1347 3313 1348 3340 r

205 3373 308 3470 qood
335 3365 476 3471 cauffnin
508 3371 641 3450 habere
669 3371 833 3450 videatur
859 3377 992 3476 inflant.
1037 3371 1271 3474 fisuscipinn

204 3485 385 3564 adoerius·
395 3483 596 3583 populorum
614 3481 833 3564 borbornrtnn
851 3488 1141 3568 oxnninnnuiiia
1163 3492 1269 3570 certis
1346 3555 1347 3558 a

205 3601 351 3682 sedibus
374 3602 585 3700 vagantium
610 3593 779 3702 adeoque
806 3603 944 3700 rapinis
963 3617 1000 3684 et
1025 3601 1198 3680 caedibut
1220 3607 1270 3680 vi·
1346 3595 1347 3608 '

132 3743 144 3756 ·
208 3717 387 3800 ventione
451 3710 523 3820 Viae
539 3715 639 3792 eninr
659 3713 716 3792 ilii
732 3717 776 3794 ad
793 3717 923 3816 priscas
946 3716 1023 3794 suas
1038 3716 1136 3794 sedes
1154 3718 1269 3794 redire

207 3848 271 3910 aut
288 3831 416 3908 volent
442 3841 506 3902 aut
524 3841 725 3926 poterunt3
755 3825 889 3928 neque.
915 3831 1141 3931 etiirecepti,
1168 3831 1271 3910 facile

36 3944 42 3963 ⁸
86 4000 93 4018 .
207 3947 354 4024 meliori
382 3942 499 4020 cultui
523 3958 559 4020 et
584 3945 741 4044 imperio
766 3943 991 4028 adsuescant.
1032 3943 1271 4045 ‘ItaqueRo-

211 4051 589 4163 maniinrperatores,
627 4060 696 4162 qni
722 4062 959 4140 barbatorum
990 4063 1271 4162 agminibosjn-
1344 4139 1345 4146 ,

1142 4199 1270 4276 gruen-
