2604 4740
255 289 349 384 =312
562 261 794 358 suttcnrom
823 263 1026 380 recognitio
1066 234 1071 242 ’

264 423 483 566 sustentent3
507 469 559 548 sin
573 491 666 550 nero
684 422 728 548 ad
747 471 890 548 rtiliorr
906 469 1105 562 sermonem
1117 465 1250 544 delesti

50 603 57 614 '
131 658 166 706 Ι,
264 586 524 666 obmutesmrnt
548 602 586 663 et
598 587 719 664 media
736 584 1037 674 confabulatione
1052 567 1188 681 abrdpu
1202 584 1250 654 aol·

263 705 374 802 giunt
389 715 564 799 tanquam
583 701 683 776 malo
699 699 812 776 sidere
829 699 947 776 afflatu
969 694 1036 770 'Vt
1053 715 1167 772 autem
1182 720 1260 769 ttorf

264 839 307 892 ac
327 815 464 893 liberos
481 815 519 889 in
538 815 697 906 circulos
718 813 905 890 adducant
931 813 1020 904 boni
1043 809 1265 908 patresfamilia

264 929 347 1030 apris
367 927 446 1003 satis
468 926 572 1003 sanus
598 928 775 1028 pullulet.
804 927 827 1003 si
845 939 1008 1026 reputet,
1039 919 1107 1002 esse
1126 927 1162 1000 in
1177 927 1210 998 iis
1226 950 1265 997 so

263 1045 348 1118 dem
369 1041 554 1140 illos‚.qui
573 1043 795 1141 petulantiae
811 1039 892 1116 suae
907 1039 1123 1116 acmalitiae
1139 1043 1261 1116 materia

263 1171 301 1229 et
316 1155 532 1230 alimentum
552 1154 859 1253 circumspiciunt
883 1155 1004 1230 bonae
1020 1157 1182 1228 omnium
1202 1153 1263 1224 sarra

261 1269 430 1366 inprimis
456 1268 647 1345 muliebris
672 1271 776 1344 sexus
804 1267 1036 1356 insidiantur,
1076 1267 1127 1342 nil
1154 1263 1208 1340 nist
1227 1265 1260 1337 nl

262 1380 346 1456 cula
361 1399 614 1480 aucupantur,
641 1379 783 1458 finulln
802 1381 945 1468 vident,
973 1381 1201 1480 impudenter
1214 1385 1267 1450 na

261 1495 425 1582 tiuntur.
454 1508 491 1569 et
509 1501 682 1572 ementita
701 1495 768 1569 'illa
792 1495 885 1570 adeo
902 1493 1051 1591 publice
1071 1494 1196 1568 libellis
1212 1494 1275 1565 edit

262 1605 464 1705 euolgauit?
502 1613 586 1708 qui,
613 1631 699 1686 cunt
717 1607 800 1706 ipfi.
827 1607 1229 1704 hominumrerumque
1248 1614 1275 1672 rs

262 1721 459 1808 destituti..
478 1739 541 1796 aut
563 1721 748 1798 sermones
778 1721 894 1798 serere
920 1736 984 1797 aut
1012 1721 1275 1797 confabulatior

259 1835 438 1910 iucundas
465 1832 825 1920 habere-nesciant,x
849 1838 1094 1928 criminantur
1123 1835 1220 1918 alios,
1248 1855 1275 1926 q·

257 1943 523 2053 eritorquendo
545 1969 592 2023 ex
615 1947 953 2026 obmutescentibus
972 1949 1125 2026 voculas
1149 1963 1183 2022 et
1203 1945 1280 2040 strep'

261 2073 320 2134 tus
338 2061 535 2136 verborum
558 2063 686 2154 inanes
701 2083 851 2161 operam
871 2060 1023 2158 perdere
1042 2063 1185 2140 nolunt
1218 2059 1291 2134 lto

261 2175 385 2271 iniqui
398 2172 481 2248 sunt
497 2173 551 2249 illi
567 2175 747 2264 censores,
767 2191 805 2250 vt
821 2176 917 2250 suam
940 2175 1106 2272 ipsorum
1129 2177 1295 2250 tarditatem

196 2381 205 2394 ἢ
261 2300 298 2362 et
316 2283 550 2363 insulsitatem
567 2289 604 2363 io
622 2289 780 2364 aliorum
803 2287 1106 2388 reprehensiones
1121 2305 1254 2368 verunt.

369 2395 424 2476 ‘Ea
445 2423 576 2498 porro¹
598 2402 779 2500 quaesub
799 2401 986 2479 censuram
1005 2407 1181 2488 veniunt.
1209 2400 1293 2500 qorl:

261 2509 579 2612 esseputabimus?
609 2517 734 2614 grauia
745 2515 881 2592 scilieet
895 2517 987 2591 etad
1004 2519 1096 2616 reip.
1106 2519 1293 2594 academico

250 2643 297 2702 ¹et
317 2629 512 2702 litterariae
536 2627 707 2705 utilitates
728 2628 915 2706 salutaria?
960 2627 1057 2722 Quis
1077 2634 1176 2708 enim
1193 2633 1295 2726 impio·

168 2787 172 2798 ·
260 2729 412 2818 baturus
439 2739 552 2828 foret.
590 2740 680 2817 lide
710 2746 910 2842 nepotibus
936 2743 1079 2820 suarum
1104 2769 1216 2843 opum
1240 2765 1296 2840 pro·

258 2851 344 2928 susis
363 2852 619 2941 coercendis‚·
635 2853 682 2931 de
709 2855 1011 2956 perniclolilsrmis
1030 2856 1243 2936 ludaeorum
1264 2879 1297 2926 ar·

259 2967 358 3052 tibus
383 2989 403 3042 e
422 2987 496 3064 rep.
517 2965 704 3050 tollendis.
725 2970 772 3046 de
789 2969 932 3048 mensae
952 2971 1123 3070 publicae
1140 2975 1184 3049 ad
1199 2975 1297 3070 pigno·

112 3097 124 3110 ·
258 3078 389 3156 tendas
405 3103 460 3154 res
476 3079 660 3158 institutae
675 3085 879 3160 rationibus
900 3085 1245 3170 cirbumscribendis
1270 3082 1297 3154 de

258 3192 355 3268 luxu
381 3195 606 3280 utinuendo,
644 3195 691 3271 de
732 3193 905 3274 sodalitiis
939 3199 1172 3286 coemendis,
1207 3215 1297 3274 erote·v

189 3337 202 3346 ·
258 3325 454 3404 quae-vera
471 3305 554 3384 sunt
567 3323 823 3394 memorarent,
840 3315 1012 3412 autnoui
1032 3313 1174 3390 consilii
1189 3313 1297 3408 aliquit

248 3439 302 3496 -ac
321 3419 474 3498 remedii
490 3423 530 3496 io
550 3423 713 3498 medium
731 3420 892 3501 ferrent?
916 3419 958 3525 a)
1016 3425 1114 3520 Quis
1135 3449 1207 3506 non
1224 3447 1294 3499 cora

1144 3581 1154 3590 ·
1223 3553 1295 3614 ·tun

306 3701 343 3776 a)
368 3690 472 3778 [Sunt
495 3705 600 3760 tamen
622 3719 661 3764 ex
684 3699 735 3764 bis
765 3700 853 3786 plum
878 3699 928 3766 his
946 3701 1020 3785 ipsis
1045 3705 1137 3778 anule
1161 3703 1293 3766 emendor

370 3803 463 3865 quam
478 3777 532 3861 ipsi
550 3793 691 3864 tempora
717 3785 800 3848 serre
816 3788 1016 3860 videbantur,
1049 3789 1297 3874 profundendum

371 3883 466 3946 opum
482 3867 667 3944 impunitate
682 3867 809 3943 sublata,
834 3870 1064 3936 foeneratorum
1078 3873 1229 3955 pronitate
1243 3886 1296 3930 coer

344 4006 350 4015 .
370 3950 444 4016 cite.
468 3946 649 4012 ludseorunt
667 3965 799 4016 mmero
813 3953 988 4030 imminuto,
1012 3955 1231 4024 sodssitiorum.
1251 3969 1294 4032 qne

370 4030 514 4092 omniurn
531 4035 756 4100 academiarum
771 4036 873 4121 pestes
895 4035 981 4115 sunt,
1004 4034 1130 4105 licentia
1148 4039 1200 4102 seu
1217 4037 1297 4100 lutto

369 4109 424 4176 seu
449 4113 611 4198 repressa]
745 4144 751 4160 ·
