2626 4738
162 318 169 342 ⁴
251 325 336 422 344
450 225 556 400 ‘Voti
580 281 746 400 amnas
769 249 939 396 Romani
966 317 1123 428 emmor
1218 240 1222 250 Ι

253 509 373 592 catto
402 514 512 590 etiam
540 515 579 592 in
603 513 677 589 hoc
704 497 828 590 limilis
856 509 1000 611 quod,¹
1021 509 1204 610 quomodo
1225 509 1285 589 suc·

252 625 349 706 cella
377 629 556 706 rtendutu
584 624 686 710 effet.
728 643 814 704 ante
839 625 979 701 facinus
1003 625 1208 702 audendum
1227 650 1285 699 nor

183 821 188 834 ,
212 813 217 824 .
251 741 335 822 latis
351 753 601 842 reputauerat,
630 765 708 818 rem
723 741 767 818 ad
789 737 969 818 Conlulea
992 730 1232 838 (Pomponius
1245 739 1285 813 Se-

254 854 400 936 condus
428 871 465 934 et
494 851 564 936 Cn.
588 854 738 932 Sentius
767 854 986 934 Saturninus
1014 847 1142 950 erant)
1171 852 1285 943 detulir;

147 968 150 983 '
255 973 344 1070 qui,
374 967 492 1046 edida
510 969 764 1068 ad'populum
790 965 1000 1070 propolito.
1027 965 1115 1044 eum
1130 965 1249 1044 Senatu
1264 983 1285 1040 et

150 1075 155 1081 ’
209 1147 212 1154 .
253 1083 471 1162 cohortibus
497 1087 644 1160 vrbanis
678 1084 801 1163 iorum
833 1081 1140 1184 Capitoliumque
1167 1104 1286 1177 occupa·

250 1211 360 1283 runt.
404 1193 567 1278 asserturi
603 1221 843 1276 communem
874 1198 1094 1274 libertatem
1153 1192 1285 1294 (Stator.

252 1306 383 1390 Claud.
402 1305 486 1412 ro.)
517 1311 697 1418 Relatum
708 1311 797 1390 inde
811 1311 856 1387 ad
868 1311 1045 1391 Senatum
1060 1309 1111 1386 de
1125 1310 1285 1406 republica.

251 1419 389 1512 Euenit
409 1441 447 1502 er
470 1425 549 1504 hoe
563 1439 750 1526 tempore.
783 1426 888 1524 quod
906 1427 1019 1502 toties
1036 1427 1075 1500 in
1098 1423 1250 1520 collegiis
1269 1440 1287 1494 e:

252 1537 475 1618 conterinus
497 1541 703 1618 multorum
730 1537 809 1616 fieri
837 1538 1072 1640 obseruatum
1098 1538 1148 1615 eil
1165 1531 1222 1635 g):
1251 1539 1287 1606 ati

252 1649 349 1732 fado
376 1677 472 1752 opus
504 1655 577 1743 est.
618 1677 802 1753 nusquam
829 1657 947 1752 magis
977 1652 1129 1728 delirari
1160 1647 1287 1752 quani

252 1765 494 1870 prudentium
519 1767 722 1846 multitudo
743 1764 893 1860 confilia
913 1769 956 1842 in
975 1790 1095 1844 vnum
1116 1765 1287 1844 contulerit.

251 1875 451 1980 Legendus
471 1893 548 1956 erat
564 1880 758 1959 confestim
778 1883 941 1956 maxime
970 1879 1157 1969 idoneus,
1189 1895 1221 1955 et
1240 1876 1289 1952 lar·

252 1991 383 2072 cienda
399 1991 547 2092 legibus
565 2015 660 2092 quae
679 1993 908 2098 superiorum
927 2003 1143 2094 temporum
1166 1994 1235 2068 rsus
1249 1991 1290 2064 do·

251 2119 388 2184 tuerat
461 2105 521 2186 Ne
544 2103 592 2186 lic
617 2108 768 2207 quidem
785 2107 980 2208 'praecisae
1011 2108 1195 2186 malornm
1217 2121 1290 2182 artes.

252 2243 325 2298 nec
354 2233 532 2321 perpetua
559 2239 637 2300 erat
660 2223 968 2332 reip3stabilitas.
1003 2223 1177 2300 duratura
1203 2236 1289 2296 unet

251 2331 490 2436 aliquamdiu
551 2333 599 2413 At
616 2338 655 2413 io
680 2332 817 2436 Senatu
833 2336 972 2414 multae
1000 2340 1195 2437 variaeque
1212 2333 1290 2410 dicire

251 2445 472 2555 seutentiam
511 2448 613 2538 aliis.
648 2447 825 2528 summam
851 2452 941 2550 reip.
968 2449 1118 2552 populo
1143 2449 1291 2527 restituet·

254 2559 447 2650 damella,
473 2561 554 2654 aliis
577 2587 693 2642 vnum
718 2566 923 2665 principem
949 2563 1166 2646 habendum
1180 2561 1290 2642 censen

253 2666 393 2772 tibue3⁴
419 2675 481 2756 sed
503 2675 542 2752 hi
573 2677 717 2756 rursum
743 2677 836 2754 aliua
863 2677 925 2756 alii
957 2679 1203 2779 principatum
1224 2673 1291 2750 delr-

135 2885 168 2902 ..
252 2790 394 2868 rebant
462 2783 649 2868 Prioribus
671 2789 746 2868 illis
772 2791 866 2870 nihil
890 2805 956 2868 ant
981 2793 1056 2872 dici
1079 2807 1146 2872 aut
1173 2787 1290 2888 cogitari

252 2905 378 3004 potuit
400 2901 588 3008 stolidius3
623 2905 819 3004 quomodo
841 2907 1003 2982 enimin
1027 2929 1168 3005 magno
1183 2901 1289 3006 populo

252 3015 449 3094 diuturnae
467 3016 633 3098 seruituti
648 3018 863 3104 adsuesatlo.
888 3018 1002 3098 nullis
1019 3023 1213 3096 virtutibus
1230 3013 1289 3090 ciui·

248 3127 352 3209 libus
370 3132 539 3222 imbuto,
584 3132 693 3210 luxui
713 3147 750 3208 et
772 3133 925 3211 inertiae
955 3132 1105 3211 additus
1126 3132 1289 3212 nobilitas.

140 3302 145 3316 ·
210 3271 215 3278 ·
253 3243 473 3346 popularem
485 3245 691 3326 libertatem
702 3241 854 3324 afferas?
879 3257 944 3323 ant
960 3245 984 3326 li
1001 3243 1289 3336 asseruerisanmr

254 3377 333 3434 eam
359 3359 475 3439 statim
505 3361 551 3438 ab
577 3361 656 3460 iplo
670 3373 756 3436 ortu
772 3360 962 3460 praecipiti
980 3361 1084 3460 laplu'
1098 3363 1139 3439 in
1161 3357 1289 3438 donint-

253 3470 397 3552 tionem
414 3475 584 3552 omnium
602 3473 825 3552 teterrimam
843 3475 935 3552 verti
953 3473 1092 3552 ortelle
1110 3473 1204 3552 erati
1228 3468 1287 3544 Pru

163 3615 174 3626 ·
254 3583 363 3661 traua
378 3607 444 3683 per
461 3585 557 3665 hanc
575 3586 714 3664 diuersa
732 3585 967 3666 sentientium
991 3585 1232 3671 dillenlionem
1249 3581 1285 3656 dt·

255 3695 446 3784 liberatio.
481 3713 519 3778 et
547 3699 733 3802 reliquum
766 3703 840 3782 diei
868 3717 1021 3802 totaque
1047 3727 1127 3782 nox
1150 3701 1282 3784 absono

254 3809 448 3895 Nolumus
472 3831 659 3920 repetere,
698 3839 793 3922 quae
823 3814 907 3897 latis
935 3827 1025 3896 nom
1047 3817 1149 3912 lunt,
1187 3813 1283 3894 milito

1183 3931 1282 4008 intera

280 4109 283 4118 '
307 4095 352 4180 ε)
369 4095 568 4250 ἕξειὲξει
581 4097 726 4166 disertior
742 4105 778 4168 et
795 4095 933 4198 rioidiue
945 4095 1115 4166 deelmolt
1128 4111 1212 4184 qmm
1223 4088 1280 4154 itae
