2626 4738
228 309 314 440 378
415 297 615 394 Certamen
639 297 865 388 litterarium
894 213 931 386 a.
956 291 1118 388 XCIII.

176 573 180 584 .
228 507 359 587 iniusta
383 497 766 585 nescelesteconsriia
795 527 839 581 ac
860 503 965 590 neta,
1001 501 1164 602 quamuis
1183 497 1258 576 ieiici

164 651 168 656 ·
228 619 389 700 iacceffu
412 620 457 712 ad
483 623 622 698 exitum
648 621 903 718 properantia,
941 617 985 692 ad
1013 618 1110 704 veri,
1141 615 1210 692 iusti
1230 639 1259 690 rc

229 736 317 814 cciii
336 760 501 812 normam
524 735 657 830 exigit3
683 731 743 806 eth
761 733 974 830 prudentiae
1003 733 1152 806 monitis
1172 729 1256 803 hrae-

152 838 158 848 ’
229 873 301 928 nus
320 861 530 952 paruerunt,
562 861 600 922 et
617 847 816 945 posteritati
836 847 944 922 huius
962 845 1088 920 iudicii
1106 844 1259 919 tenerioris

229 965 569 1065 pronuntiationem
593 961 862 1058 relinquerent,
880 985 883 1000 ·
898 959 962 1060 ipsr
992 981 1060 1033 nec
1085 959 1259 1055 Improbum

227 1079 359 1156 iniusta
385 1076 472 1152 satia
492 1074 641 1175 publice
665 1089 701 1150 et
723 1087 891 1172 tempore
913 1074 1035 1150 alieno
1066 1087 1104 1148 et
1130 1072 1196 1146 fine
1216 1073 1261 1142 rti-

229 1192 331 1268 iitate
367 1193 405 1266 in
436 1192 600 1296 animum
626 1187 855 1266 inducerent.
930 1185 1070 1264 Contra
1094 1201 1207 1266 autem
1231 1185 1260 1260 ab

231 1307 336 1382 omni
357 1305 580 1380 iudiciorum
609 1305 817 1390 atrocitate,
851 1303 897 1378 ab
921 1304 1099 1378 odiorum
1124 1299 1262 1375 ciuilium

229 1419 472 1506 truculentia,
511 1441 531 1492 a
557 1415 807 1492 seditiosorum
833 1415 1039 1502 furoribus,
1078 1413 1264 1492 amentibus

231 1545 270 1610 et
283 1535 440 1631 rapinis,¹
471 1543 508 1610 et
530 1531 576 1606 ab
595 1533 699 1606 omni
718 1552 877 1618 eorum,
894 1533 961 1634 qui
980 1518 1069 1606 inae
1091 1551 1196 1627 opes,
1219 1527 1265 1600 ho·

194 1655 352 1748 ,norea
384 1647 587 1745 potentiam
607 1655 837 1733 venarentur,
867 1646 1055 1744 contagio,
1088 1640 1228 1719 intubus
1244 1639 1265 1713 ie

96 1847 101 1859 ,
224 1759 387 1862 pronide
408 1783 451 1836 ac
475 1757 847 1835 caureteruauernne
915 1799 919 1806 ·
957 1761 965 1780 ⁸

343 1873 474 1972 Itaque
489 1875 534 1946 ab
552 1873 655 1946 onrni
677 1870 764 1944 in'de
781 1883 948 1969 tempore
965 1871 1166 1950 litterarum
1182 1867 1269 1944 studit

232 1985 451 2085 fingularem
483 1973 646 2084 aliquam
676 1983 822 2060 laudern
848 1985 1032 2073 habuere,
1076 1998 1115 2061 vt
1141 1982 1182 2060 nb
1200 1988 1269 2058 innn-

166 2121 170 2129 '
221 2105 335 2177 centia
363 2111 392 2174 et
419 2101 542 2198 pietate
564 2098 853 2174 celebrarentur:
893 2097 1026 2174 failunt
1051 2099 1129 2178 hoc
1152 2101 1217 2175 inm
1238 2097 1267 2170 iis

229 2214 429 2300 aetatibus,
456 2213 610 2311 ‘quibus
639 2233 710 2309 per
743 2213 891 2311 mythos
916 2227 953 2288 et
982 2213 1168 2312 symbola,
1199 2231 1270 2308 quae

229 2329 313 2428 quia
334 2323 531 2424 cogitasset,
552 2325 812 2418 redderentur3
843 2325 1054 2426 habentque
1069 2327 1160 2404 haec
1176 2325 1271 2400 nel‘cio

112 2477 120 2502 ³
195 2479 199 2488 ·
229 2441 323 2542 quid
341 2440 547 2516 suauitatis.·
597 2437 724 2515 Mutae
745 2463 821 2514 non
852 2442 966 2517 modo
985 2455 1119 2518 coetus
1141 2459 1270 2537 magnos

228 2555 400 2652 fugiunt,
428 2553 604 2654 profanos
630 2565 667 2629 et
690 2555 823 2652 impios
845 2571 866 2628 a
889 2553 922 2630 se
946 2569 1072 2631 arcent
1103 2569 1141 2632 et
1164 2549 1271 2654 procul

185 2771 192 2782 ἱ
228 2667 300 2745 effe
319 2672 474 2757 iubent,
505 2669 765 2744 verumetiam
795 2686 815 2742 a
836 2665 1009 2766 sanguine
1034 2683 1071 2744 et
1096 2669 1207 2748 ‘caede
1227 2667 1273 2740 ab

184 2813 200 2833 ⁸·
227 2781 399 2870 horrere,
426 2803 446 2858 a
468 2783 595 2880 rapina
616 2803 659 2858 ec
681 2779 812 2880 praeda
833 2781 975 2857 auersae
1001 2779 1069 2859 etse
1092 2797 1271 2860 narrantur.

208 2892 481 3016 ⁸inprimisque
498 2901 598 2972 natea
613 2908 823 2993 ‘ac-poetae
846 2896 920 2972 hoc
943 2899 981 2970 in
1008 2896 1043 2972 se
1068 2897 1271 2978 deriuarunt,

117 3087 122 3102 ,
227 3023 271 3086 nt
297 3023 334 3084 et
359 3007 423 3108 ipii
444 3007 570 3096 santii,
604 3008 687 3084 iusti
714 3009 872 3108 castique
896 3007 1025 3098 essent,
1060 3025 1099 3087 et
1124 3010 1203 3088 suos
1223 3031 1272 3109 po·

160 3119 165 3130 '
227 3123 376 3223 pulares
411 3145 431 3196 a
463 3121 701 3228 caedibuslet
735 3125 871 3221 rapinis
901 3125 1079 3200 abstinere
1114 3127 1271 3204 iuberent

226 3233 512 3313 Meminerimus
530 3232 743 3336 Orpheum:
787 3235 952 3338 Situestrer
971 3239 1110 3315 leominer
1126 3243 1216 3344 sacer
1237 3241 1273 3312 in

200 3357 410 3446 ⁸terprerpnr
442 3347 576 3426 deorum
645 3345 811 3424 camno
840 3351 992 3436 reaten
1009 3351 1114 3453 foedo
1139 3353 1272 3430 deterruit

204 3461 207 3470 ’
234 3461 411 3561 Orpberr,'
460 3461 579 3540 Differ
603 3460 645 3537 nb
659 3460 719 3537 hoe
733 3461 830 3540 IrnIre
847 3471 952 3562 trkrer
971 3468 1164 3565 rabidosque
1177 3469 1270 3544 leont.

126 3595 134 3622 ⁸
207 3575 348 3654 ‘Draus
373 3586 404 3650 rt
427 3575 617 3672 Amphion.
652 3573 998 3658 I'Irrbunae'rondr'im
1022 3586 1123 3669 ureb,
1197 3580 1273 3658 Snnr

228 3715 356 3766 mouere
364 3687 449 3790 sono
464 3687 628 3788 testudinis
641 3701 671 3765 et
682 3713 777 3789 prere
792 3690 914 3770 blando
972 3697 1098 3772 Ducere
1112 3721 1177 3794 quo
1188 3697 1272 3771 veliet.

229 3801 317 3882 Hoc
344 3801 438 3878 illud
462 3802 533 3892 est,
569 3803 675 3901 quod
703 3807 855 3883 nomina
882 3805 988 3908 Lini,
1025 3808 1185 3899 Mataei.
1219 3808 1274 3885 Eu·

230 3916 370 4018 molpi,
407 3914 520 4016 prisca
542 3913 697 3994 Graecia
721 3919 766 3994 ad
789 3942 940 4000 omnem
965 3927 1178 4002 memoriam
1199 3925 1275 3997 cete·

232 4029 372 4126 hrauit3
403 4029 507 4134 quoti
522 4033 728 4109 carminum
747 4031 895 4116 [uorum
920 4039 1133 4130 lenociniis,
1160 4041 1272 4137 partim

634 4182 638 4195 ·
1060 4205 1066 4228 .
1195 4150 1273 4225 tunt.
