2644 4746
263 352 345 427 122
401 327 455 426 Ε
461 327 598 448 minm-
608 327 722 418 ter'ris
735 269 920 446 mancipio
938 325 977 416 in
995 324 1228 417 Graecorum

217 535 465 638 'frequentia
481 536 526 613 ad
543 556 670 612 manus
690 529 749 624 lit;
782 531 896 622 multa
919 542 1081 633 quoque
1093 533 1179 624 lint,
1220 557 1305 634 quae

81 681 84 694 ·
135 699 172 738 .>
261 651 306 729 ad
323 651 566 728 detestabilem
590 669 780 745 mangonis
770 647 1007 746 quaestum
996 649 1153 724 rnurtare
1170 649 1301 749 pollnt

190 765 194 802 ¹
370 761 532 852 Etenim,
563 777 602 837 vt
617 761 727 860 apud
737 782 865 836 omncs
887 760 1053 837 barbaras
1075 775 1225 861 gentes,
1261 768 1301 840 ita

97 879 105 886 “
170 907 184 918 -
237 875 459 956 'in'llfricae
474 877 575 952 terris
595 874 654 974 [eu
673 875 859 950 maritimis
876 871 937 949 len
962 876 1216 962 interioribus,
1243 880 1299 952 im-

232 1085 236 1092 ,
252 993 446 1092 perioroot
464 1013 506 1068 ac
522 1009 721 1086 regnotum
738 990 829 1064 ratio
843 985 889 1062 ad
908 1001 1047 1064 certum
1064 987 1250 1077 iudicium,
1261 992 1298 1066 ad

255 1117 390 1180 ectum
414 1101 629 1189 formulam,
678 1121 816 1200 quaen
843 1111 991 1178 naturae
1017 1100 1198 1178 hnmanae
1221 1106 1253 1178 vi
1269 1119 1298 1179 et

254 1217 334 1294 iure
354 1215 460 1293 facile
479 1216 553 1315 peti
571 1213 706 1314 potest,
740 1212 931 1290 constituta
947 1214 996 1290 est
1012 1205 1134 1310 nnll'a;
1154 1237 1295 1316 regnum

252 1343 318 1429 aut
334 1329 532 1406 inuaditur
560 1341 623 1406 aut
653 1325 811 1403 defertur
838 1325 903 1403 nni
928 1349 1048 1427 neque
1072 1327 1216 1427 legibus
1238 1333 1296 1406 oir-

251 1443 511 1544 cumscriptum
532 1463 602 1518 nec
626 1442 788 1518 moribus
806 1451 842 1516 et
863 1441 1052 1530 institutis,
1083 1444 1128 1519 ab
1152 1441 1295 1520 bomini·

250 1557 324 1632 bus
348 1557 465 1656 longo
491 1568 657 1656 tempore
688 1555 731 1629 ad
755 1557 1091 1653 extremaquaeuis
1121 1555 1293 1633 toleranda

248 1670 425 1760 adsuetn,
467 1672 663 1766 omnisque
691 1665 807 1743 lenius
834 1665 1049 1745 liberalioris
1076 1673 1291 1768 expertibus3

173 1851 192 1868 .
246 1785 373 1884 itaque
390 1769 435 1860 in¹
445 1782 626 1883 populum
642 1780 846 1858 dominium
863 1780 982 1869 idem,
1013 1783 1117 1882 quod
1135 1786 1291 1860 inrasae

247 1893 497 1997 pecudes‘elle
513 1895 621 1988 lolet;
646 1895 833 1970 arbitrium
852 1915 895 1971 ac
920 1893 1049 1972 lubido
1060 1897 1187 1995 ,legem
1207 1898 1287 1972 facit.

129 2020 134 2035 ’
249 2006 345 2104 Cum
366 2023 506 2098 autem,
535 2008 637 2108 quod
653 2005 757 2086 facile
779 2007 1016 2106 intelligitur,
1046 2010 1149 2086 nulla
1171 2012 1288 2110 princi·

247 2145 338 2223 pum
353 2125 392 2199 in
415 2137 488 2200 tam
506 2121 658 2200 rudibus
673 2118 819 2220 populis
837 2118 905 2196 elle
931 2120 1034 2219 pnfflt
1062 2123 1233 2201 institutio
1252 2121 1287 2196 li·

44 2299 59 2324 χ
109 2252 132 2335 ,’
249 2235 402 2313 beralis:
431 2257 566 2314 narrum
583 2258 658 2312 non
676 2233 744 2322 est
767 2231 1027 2311 srlubidoillis
1054 2235 1209 2313 belluina
1223 2236 1285 2336 ple

155 2447 162 2456 ἱ
245 2371 406 2450 rumque
424 2349 473 2448 eli
490 2359 528 2426 et
546 2349 619 2425 ad
618 2370 766 2424 omnent
790 2350 1014 2424 atrocitatem
1036 2361 1076 2426 et
1097 2349 1284 2427 inhumani

108 2489 112 2502 ¹
149 2468 156 2480 “
223 2464 358 2552 jtattm
380 2461 565 2564 procliuia
606 2459 734 2562 Itaque
748 2431 915 2538 homines
932 2462 1117 2561 pecudum
1133 2463 1214 2540 loco
1231 2462 1320 2546 ha-

119 2622 121 2631 ·
244 2577 400 2666 herrm,
430 2574 628 2652 mudantur
647 2588 710 2651 aut
728 2585 898 2651 veneunt
956 2571 1319 2653 Constituunturexl

243 2687 319 2768 boc
335 2705 506 2787 tanquam
525 2690 707 2788 principio
726 2689 862 2776 omnia,
878 2687 985 2764 etiam
1002 2689 1124 2767 ciuilia
1140 2692 1280 2788 negotia.
1316 2657 1318 2792 l

102 2878 107 2896 ,
154 2789 184 2894 Ῐ
242 2797 321 2879 Vni
340 2805 417 2900 regi
438 2800 582 2889 seritur,
620 2801 682 2876 vni
705 2802 861 2878 metitur.
899 2797 965 2876 Ιιι
991 2801 1098 2880 bellis
1125 2826 1208 2880 vero
1229 2824 1282 2899 ge-

217 2915 383 3014 rendis,
417 2935 512 3012 quae
531 2915 639 2990 etiam
660 2915 754 2989 inter
779 2912 968 3012 politiores
989 2911 1153 3016 Europae
1175 2937 1279 3016 popu·

146 3037 166 3112 ’,
240 3027 300 3105 los
318 3028 363 3104 ad
379 3027 489 3104 solius
508 3026 691 3102 interdurn
716 3027 892 3127 principis
916 3027 1121 3109 lubidinem
1142 3041 1177 3106 et
1198 3027 1279 3104 vrili-

97 3133 103 3140 ’
167 3193 174 3208 ,
218 3147 350 3218 ‘tatem
373 3164 502 3218 vanam
528 3139 786 3240 sulcipiontur,
823 3139 1057 3220 barbarorum
1081 3165 1207 3242 regum
1232 3141 1279 3214 lu·

157 3249 166 3322 ’-
239 3253 330 3331 bido
347 3265 483 3352 regnat.
541 3251 597 3330 Ad
614 3253 732 3352 reguli
746 3252 904 3330 lubitum
921 3257 1027 3334 armis
1048 3260 1160 3357 captis
1177 3255 1218 3332 ad
1232 3255 1278 3327 in·

238 3367 488 3455 cursauones:
500 3359 772 3466 praedationes.
792 3358 938 3458 caedes.
967 3373 1124 3469 rapinas,
1141 3387 1290 3471 procur·x

131 3497 133 3502 ·
236 3481 338 3560 titur.
397 3475 523 3562 Vnum
549 3479 661 3570 deest,
692 3477 793 3578 quod
809 3480 976 3558 nondum
993 3505 1057 3562 eos
1078 3495 1275 3562 resettem.

194 3587 216 3675 ’,
234 3615 307 3695 pus
324 3608 361 3672 et
375 3589 650 3693 Europaeorum
677 3595 883 3694 principum
900 3617 1053 3673 acumen
1079 3597 1216 3681 docuit,
1243 3601 1292 3662 vt·

40 3693 45 3704 ’
196 3737 199 3753 ·
235 3706 404 3785 mercede
425 3707 535 3802 dida,
554 3728 664 3806 quarn
681 3705 802 3807 ipim
823 3705 881 3784 lua
899 3730 995 3808 penu
1012 3724 1197 3812 reponant,
1218 3728 1273 3780 co·

99 3903 102 3910 ,
176 3831 179 3845 “
234 3823 332 3924 pias
328 3819 413 3898 suas
437 3820 595 3903 vendant
619 3819 699 3896 aliis
721 3842 790 3919 pro
816 3797 936 3898 lubitu
962 3824 1196 3903 trucidandus

335 3931 427 4012 Nec
442 3953 530 4012 vero
546 3929 619 4012 h'oo
644 3933 782 4011 Africae
802 3935 991 4034 proprium
1018 3961 1060 4017 ac
1085 3935 1268 4038 peculiare3

215 4061 360 4158 puerunt
375 4049 581 4151 communis
597 4046 647 4125 est
663 4069 785 4148 rerum
807 4047 887 4160 vius
907 4061 945 4130 et
969 4071 1050 4132 mos
1068 4073 1143 4152 per
1153 4063 1267 4228 ombess

1178 4175 1262 4235 oris
