2672 4746
233 345 308 452 44Ι
344 325 611 454 Longinquat.
633 327 671 436 in
695 319 883 430 bardores
904 321 1064 441 expedit.
1089 319 1202 479 ‘m

232 531 311 632 goii
330 531 485 608 autenti
480 555 552 606 aec.
467 515 680 608 s.xt11
704 531 854 621 ineunte
880 529 946 616 sub
971 526 1300 662 Dsohengitinno.¹

150 671 158 692 ι
232 647 392 722 uitiiset
423 645 660 743 subiugatis
651 647 812 754 tmperiin
838 646 942 720 variis
967 647 1006 720 in
1035 645 1166 720 vicinia
1200 638 1272 736 fitis,

135 775 137 786 ·
229 761 346 857 inque
369 757 423 834 his
448 755 801 846 Chowarasmienfi,·
846 757 890 834 ad
920 757 1090 833 ulteriora
1114 759 1272 862 progredi

112 871 115 879 ’
204 873 207 886 ’
230 870 510 970 quaquaversus
527 893 623 948 arma
634 870 907 964 circumeunte
924 879 1075 949 enatum
1090 872 1274 952 aliuddio·

159 1023 168 1034 ,
193 1065 195 1080 ‚
230 987 429 1115 golorurn
419 989 614 1089 imperium
632 986 696 1073 sub
712 983 882 1061 Timete:
900 987 964 1084 qui
981 1005 1001 1058 e
1016 981 1275 1118 Bucheriapro·

103 1093 107 1147 ἵ
129 1137 141 1164 ·
189 1145 193 1150 -
227 1099 341 1174 sedus
360 1101 493 1176 vicinas
516 1114 626 1178 terras
646 1101 795 1178 adortus
811 1121 901 1176 mox
924 1097 1039 1174 Adam
1055 1072 1173 1180 veriud
1188 1103 1276 1175 occi·

135 1211 146 1242 ‘
229 1211 388 1288 dentem
395 1227 432 1289 et
445 1215 623 1290 orientem
646 1213 853 1310 subiugaui't
870 1212 957 1288 inde
978 1210 1158 1288 asaeculo
1173 1210 1274 1290 Xlu

227 1340 394 1401 exeunte.
446 1323 590 1426 Barbari
607 1327 644 1403 hi
663 1351 681 1402 a
700 1329 820 1424 paruis
838 1329 949 1401 initiis
971 1325 1142 1424 profuiti,
1159 1330 1277 1425 primis

107 1505 110 1514 .
140 1461 143 1468 ¹
226 1440 384 1514 vidoriie
405 1441 449 1514 ad
469 1443 603 1516 maiora
620 1441 791 1516 tentanda
808 1425 945 1527 credi,
974 1442 1036 1516 vix
1060 1462 1089 1514 a
1100 1443 1277 1538 principio

195 1624 198 1634 .
225 1567 348 1656 mepte
364 1567 621 1652 praeceperant
638 1553 831 1651 fastigium
841 1577 919 1652 quo
935 1575 1024 1652 open
1048 1551 1124 1628 suas
1148 1553 1279 1628 eduxe-

225 1681 322 1742 runt
377 1669 558 1744 Hactenus
578 1667 701 1744 nuilus
718 1689 763 1742 ex
782 1667 1112 1762 iiaconrparandus
1131 1667 1178 1742 est
1197 1675 1279 1744 cuni

225 1779 457 1866 Alexandro,
481 1785 545 1880 qui
555 1781 608 1856 ad
629 1777 867 1857 euertendam
885 1777 1068 1856 Persarum
1087 1782 1279 1911 imperium

88 1907 94 1910 “
225 1894 264 1968 in
283 1893 396 1968 Anam
414 1898 572 1996 traiecit3
602 1895 664 1970 nist
688 1896 783 1971 forte
808 1896 916 1970 etiam
941 1894 1004 1968 ille
1028 1893 1183 1969 vidonis
1209 1897 1282 1992 pri-

102 2007 105 2019 '
160 2079 164 2100 ,
224 2029 294 2082 mu
312 2007 356 2084 ad
371 2005 510 2106 reliqua
527 2009 720 2112 perdudut
736 2007 815 2082 tint
858 2005 1283 2085 Oraefottemaritimae

224 2119 323 2196 Afrae
341 2123 492 2197 minoris
514 2117 675 2210 inhians,
697 2122 742 2198 de
757 2119 859 2197 omni
879 2119 1011 2196 Adam
1029 2121 1214 2202 ditionem
1229 2145 1286 2197 re·

195 2297 201 2306 ,
224 2233 381 2331 digenda
398 2257 478 2335 non=
490 2237 692 2333 cogitabat,
709 2257 793 2312 eum
806 2235 852 2310 ad
870 2231 1070 2311 Granicum
1088 2229 1284 2335 pugnaret.

141 2337 144 2350 '
222 2343 276 2422 Vt
302 2347 424 2444 plures
456 2350 615 2447 populos
642 2347 867 2436 Germanos,
902 2345 1066 2437 Gothoi‚
1107 2347 1287 2460 Heraios,

166 2519 203 2562 ⁸„
220 2483 288 2560 per
305 2465 414 2538 maria
436 2467 589 2540 nauibus
607 2463 820 2554 volitantes,
860 2461 906 2538 fio
929 2461 1164 2537 Norm'annoe
1179 2484 1291 2558 prae-

171 2637 173 2645 ,
225 2575 396 2650 dationie
408 2575 565 2652 studium
582 2575 625 2653 ad
644 2573 783 2654 Galliae
802 2591 838 2650 et
855 2575 977 2666 ltaliae
993 2596 1094 2659 oras,
1126 2586 1196 2648 net
1199 2577 1294 2662 ,dii-

222 2687 345 2764 fimilis
365 2689 442 2786 spes
459 2691 610 2786 praedae
626 2689 766 2786 Angioa
782 2682 1294 2779 etSaxoneeinBritanniam',

124 2823 127 2830 ’
221 2799 361 2876 auxriio
385 2787 446 2876 etit
472 2818 640 2890 vocatos,
683 2803 845 2880 adduxit
921 2797 1183 2896 Expeditiones
1212 2803 1295 2879 hae

78 2967 80 2982 .
219 2915 455 2989 barbarorum
472 2936 703 3046 nequaquam
730 2937 815 2989 cum
842 2913 1127 3011 protectionibus
1151 2917 1326 2992 nostris-

76 3055 80 3068 ·
218 3025 658 3129 militaributcomparari
680 3013 843 3158 possunt3
882 3049 1037 3126 corpora
1062 3023 1218 3104 inermia
1257 3047 1299 3107 et

219 3127 318 3230 piuda
337 3141 481 3237 agmina
500 3165 619 3216 rerum
636 3143 802 3219 omnium
819 3142 944 3240 inopia
961 3157 997 3216 et
1012 3141 1107 3216 [ame
1125 3161 1297 3239 argente

189 3253 429 3335 ‚iirmuiabat
431 3255 587 3352 praedae
603 3237 767 3332 auiditas.
828 3251 908 3330 Nec
935 3277 1022 3330 vero
1045 3277 1175 3330 omnes
1204 3258 1304 3334 bar-

90 3444 95 3456 ,
219 3355 390 3446 batorum
416 3369 658 3466 profectiones
690 3367 867 3444 secundos
902 3365 1084 3444 iuueeffue
1105 3368 1299 3448 habuete

184 3477 331 3580 ¹,Saepe
351 3481 405 3557 illi
423 3479 586 3564 cladibus
603 3481 738 3570 afflidi,
759 3481 872 3570 fame,
892 3479 1015 3566 fetro.
1037 3482 1145 3578 peiie
1152 3483 1300 3576 attriti,

216 3616 365 3684 eorum,
395 3596 558 3693 quibus
549 3609 726 3694 imperare
750 3595 958 3683 nouerant,
975 3595 1160 3672 seruitium
1177 3619 1309 3674 acce-

214 3723 361 3808 parunt.
420 3705 655 3786 Cimbrorum
678 3708 791 3787 modo
814 3709 946 3805 strages
970 3709 1075 3786 factas
1101 3715 1310 3793 memine-

214 3821 338 3898 rimus
365 3819 471 3897 Vires
492 3835 555 3898 aut
576 3821 684 3900 dabat
698 3831 761 3898 aut
777 3826 934 3920 augebat
955 3824 1083 3926 terrot,
1094 3843 1217 3920 quern
1240 3831 1315 3903 in-

215 3933 349 4010 tulerat
371 3936 559 4012 incondita
583 3938 720 4024 turba,
759 3935 929 4012 horridus
960 3931 1164 4054 adipedur,
1224 3942 1316 4018 im-

200 4051 365 4126 manitas
382 4064 419 4126 et
434 4051 678 4146 truculentia;
702 4049 863 4128 docuere
880 4063 1002 4155 tamen
1026 4033 1193 4126 Romani
1232 4055 1318 4132 suo

223 4194 227 4203 ·
821 4213 825 4251 ,
1072 4169 1321 4268 exempio,
