2644 4746
235 351 317 466 186
377 267 576 490 Conamen
604 341 830 508 litterariae
851 369 889 434 rt
910 269 1160 439 Lxxxlc'

128 545 177 636 '.
273 525 351 634 dd·
377 550 529 631 &datae
552 551 724 640 median,
761 511 883 650 aqno
908 550 1090 650 proposita
1112 568 1208 650 qnae·

235 716 239 724 ,
534 710 539 721 ·
633 666 732 770 ¹liin
759 677 853 770 erat:
929 717 936 727 -
1170 693 1172 700 ·

400 797 511 865 Vtrum
525 796 685 873 comneni,
709 794 896 860 ciaroiserer
907 797 1067 884 stirpium,
1089 793 1138 878 qa·
1150 792 1256 875 nonnis

454 875 639 964 microsco‘pii
656 901 711 962 ope
726 881 794 950 eras
808 876 976 964 pollencio
991 877 1156 962 (sisaim
1170 899 1256 943 carram

452 965 652 1051 constituendo
677 963 853 1038 admittere,
884 987 925 1030 aa
945 969 977 1028 iet
1002 969 1043 1030 iis
1065 965 1142 1028 notis
1161 967 1257 1048 acquir.

293 1053 297 1088 l
443 1047 547 1130 scere,
602 1068 659 1114 aas
683 1051 763 1114 acies
778 1045 854 1132 soni
877 1059 906 1116 tt
932 1047 1002 1113 ieet
1032 1049 1175 1136 constituti
1199 1049 1258 1109 oceli

116 1196 120 1204 .
193 1169 195 1181 ·
320 1202 324 1210 ,
454 1132 634 1217 ntanifeat.
848 1135 852 1146 '
907 1155 924 1180 ι·
1062 1131 1065 1138 ’

233 1223 393 1308 nonnisi
416 1250 480 1304 ona
493 1227 754 1304 commentatio
774 1225 909 1323 perlate
932 1227 1004 1315 eli,
1034 1226 1135 1303 cuiue
1157 1219 1260 1300 nudor

232 1340 434 1444 procltltior
454 1340 545 1417 visun
566 1341 677 1418 estad
694 1338 991 1439 proscribendum
1005 1361 1113 1438 quam
1131 1357 1263 1434 magno·

147 1452 164 1469 ’“
207 1463 210 1477 '
231 1479 320 1556 pere
341 1455 675 1536 commendandum
699 1452 927 1552 microloopii
946 1451 1046 1528 asum
1070 1452 1139 1529 hac
1160 1451 1196 1526 in
1214 1472 1264 1539 re;

154 1649 160 1658 ,
234 1581 272 1646 et
288 1565 476 1668 proposuit
491 1567 572 1646 sane
586 1568 650 1644 ille
666 1567 857 1666 specimina
883 1568 1000 1642 multa
1021 1565 1127 1644 studii
1142 1563 1264 1640 botani-

233 1705 293 1760 oes
312 1681 410 1760 haud
426 1682 605 1780 vulgariae
629 1683 812 1781 certamin
828 1680 1053 1758 declarandis
1071 1681 1265 1780 plerumque

231 1797 342 1876 rebus
356 1819 377 1872 a
391 1795 505 1895 posita
519 1796 728 1894 quaestione
744 1793 893 1885 alienle;
920 1795 1022 1870 verbi
1039 1790 1151 1870 caussa
1167 1793 1200 1866 in
1216 1811 1265 1862 ex·

230 1909 405 2010 ponenda
420 1908 646 2010 systematum
666 1903 863 1986 boiaoicec·
876 1906 1090 1984 dinetfitate.
1147 1903 1266 1984 illino·

232 2023 442 2124 scopiornm
460 2045 548 2098 vero
566 2019 762 2100 commoda
791 2035 828 2098 et
859 2021 1094 2119 incommoda
1112 2021 1158 2096 ⁸in
1184 2019 1268 2093 bota·

232 2135 763 2234 nicaleuitertantumattigit
822 2133 935 2232 Atqui
955 2134 1267 2235 expedaltatorex·

160 2249 163 2256 ’
231 2252 384 2351 plicatio
415 2272 568 2341 eorum,
608 2271 702 2348 quae
729 2250 769 2324 io
797 2249 1006 2350 quaestione
1029 2240 1269 2346 comprehensa

145 2377 158 2388 '
193 2419 195 2431 ·
231 2363 335 2454 sant,
364 2387 411 2442 ex
429 2365 614 2464 principiis
635 2364 787 2464 opticie.
817 2361 1013 2438 secundum
1038 2365 1201 2440 notitiam
1224 2380 1271 2431 ao

73 2553 76 2560 .
233 2491 392 2558 curatam
407 2476 638 2575 microscopii
654 2480 807 2576 eiusque
823 2475 922 2565 ason·
944 2496 983 2552 et
997 2475 1270 2576 explorationem

144 2635 148 2650 ·
231 2591 457 2686 subtiliorem
475 2593 680 2692 plantarum
703 2605 740 2667 et
764 2591 921 2690 partium
944 2591 983 2692 in
1007 2589 1052 2666 iio
1077 2587 1188 2680 oculo
1209 2605 1272 2658 non

233 2703 301 2784 oili
327 2719 467 2784 armato
486 2705 531 2782 ad
549 2699 854 2803 cognoscendum¹
871 2697 1093 2790 difficilium,
1135 2715 1173 2778 et
1195 2699 1274 2800 pllo

231 2841 338 2906 rnna.
381 2818 656 2916 glandularum,
708 2819 819 2918 pappi
847 2815 1024 2896 seminum
1050 2832 1119 2916 eto.
1152 2817 1275 2912 absque

207 2989 211 3008 .
233 2931 339 3032 oltdp
354 2929 514 3030 respectu
532 2931 579 3008 ad
602 2933 741 3029 plantae
760 2932 1068 3028 cryptogarnioas3
1098 2953 1167 3007 neo
1189 2949 1274 3002 vaca·

153 3109 160 3126 .
231 3058 313 3122 tura
324 3041 440 3122 suisset
456 3043 537 3120 talis
553 3045 737 3142 indagatio
752 3042 1064 3122 obseruationibus
1082 3043 1277 3142 diligentiae

233 3181 277 3236 ao
296 3157 476 3260 sagacitati
491 3157 644 3240 antiatis
661 3155 767 3234 facile
783 3156 1000 3234 occursuris.
1067 3155 1175 3236 Ha'nc
1195 3157 1275 3229 viam

232 3267 430 3360 sliniilset,
452 3268 530 3348 fieri
556 3295 633 3348 oon
658 3265 845 3370 potuisset,
887 3272 978 3369 quin
1005 3271 1147 3370 aliquid
1174 3269 1276 3347 lucra·

231 3395 334 3467 retur
354 3387 520 3466 bonnica
536 3389 574 3462 in
584 3384 807 3462 declarandis
823 3381 896 3461 line
911 3368 1108 3483 generibus¹
1127 3384 1198 3462 sue
1212 3381 1275 3481 spe·

84 3585 90 3592 ,
201 3498 377 3596 ¹-ciebne,
416 3512 454 3576 et
475 3501 520 3574 in,
541 3497 795 3576 constituendo
820 3497 1026 3576 discrimine
1044 3501 1143 3576 inter
1165 3495 1277 3595 cogni·

131 3708 133 3717 Ι
231 3613 373 3690 tionem
389 3611 591 3712 plantatum
604 3609 889 3712 phylotogicam
904 3625 941 3690 et
955 3614 1170 3692 botanicam.
1184 3611 1278 3702 Quo·

231 3747 316 3804 rum
333 3727 502 3804 omniurn
517 3745 603 3802 oum
621 3723 724 3802 nulla
745 3725 866 3804 habita
890 3726 936 3802 sit
959 3729 1052 3804 ratio
1072 3729 1117 3804 ab
1146 3726 1276 3805 andorn

232 3831 572 3924 oohnmentationis‚
605 3839 798 3916 molestum
821 3839 903 3916 sane
919 3840 969 3924 est
986 3837 1121 3918 Ordini
1147 3839 1276 3918 medico

231 3953 491 4052 pronuntiate,
524 3949 622 4029 haud
647 3975 725 4030 eam
751 3953 901 4052 dignam
924 3953 1032 4034 visam
1057 3952 1146 4048 else,
1196 3969 1277 4055 quae

140 4163 146 4174 ἱ
232 4066 398 4166 praemio
421 4061 738 4148 condecoratam.

1205 4171 1277 4259 lull
