2626 4738
204 253 227 370 Τ
396 329 639 467 etprueraia.
820 387 826 410 t
967 292 1049 446 38⁵5

90 527 209 620 „Duo
243 531 358 620 oblati
390 532 473 609 sunt
499 531 635 644 Ordini
654 497 699 612 in
734 510 946 636 quaestione
977 531 1046 620 hac
1152 571 1155 585 ·

3 644 170 724 *nudanda
195 649 366 754 occupati
390 647 527 738 libelli,
562 649 878 753 altninscriptus:
996 651 1001 672 ‘

142 779 306 865 Nusquam
324 799 419 861 opera
430 761 496 864 fine
516 787 727 861 emolumento,
749 805 801 849 nee
819 788 1045 852 naulumenium
1110 812 1114 820 ·
1132 801 1136 808 ’

47 937 50 944 ,
144 929 147 942 ,
193 869 295 952 serena
306 865 373 951 stne
392 862 526 948 impenso
544 872 706 958 operaest.
751 877 754 888 '
803 873 807 886 '

6 955 83 1032 ssrr:
159 977 240 1042 ‘To'
260 973 359 1056 ὅμοιον
378 957 508 1070 dardanii
525 979 625 1058 speleu
643 983 705 1042 πεῖν
721 979 967 1052 indictura..
1128 1061 1133 1070 .

5 1103 87 1177 mbo
104 1099 333 1200 diligentiae,
360 1102 518 1200 ingenii,
550 1102 766 1178 eruditionis
784 1103 882 1182 haud
902 1105 1045 1184 medio·
1178 1175 1183 1192 ,

7 1217 46 1289 ris
70 1217 215 1314 vestigia
235 1216 496 1304 monstrantes,
534 1220 702 1314 quamuis
727 1221 904 1327 ournibu's
931 1243 1046 1320 quae·

2 1333 100 1406 {ionis
117 1327 292 1408 membris
318 1331 576 1409 exhauriendis
596 1355 677 1407 non
703 1331 784 1406 satis
808 1353 942 1432 pares„
1084 1349 1090 1358 '

86 1495 158 1588 „Et
181 1499 468 1600 primoquidem
485 1483 709 1575 commentatio
729 1489 919 1600 symbolo:
950 1503 1043 1581 Nur·
1065 1601 1067 1610 Ι
1088 1538 1093 1549 ·

3 1643 69 1688 irata
87 1641 187 1713 opera
211 1615 280 1692 dec.
307 1629 432 1693 notata
447 1614 675 1690 medicorum
694 1618 970 1712 experientiam,
992 1641 1041 1695 ex

6 1757 43 1804 ua
66 1727 309 1816 extradorum
327 1729 484 1805 aliorum
506 1743 616 1826 atque
645 1715 809 1804 aliorum'
829 1730 902 1806 srue
927 1734 1042 1808 virtus
1150 1827 1153 1842 Ι

6 1871 43 1918 ne
64 1848 192 1928 inertia
209 1859 340 1942 pateat,
371 1859 418 1930 et,
432 1838 517 1942 'qua
540 1842 737 1941 diligenter
759 1843 1042 1942 collata„caulsa
1108 1909 1113 1918 .

4 1961 87 2033 istan
106 1961 213 2034 huius
230 1957 446 2033 discriminis
463 1953 607 2056 definipi
630 1961 764 2036 certius
790 1949 917 2057 poffit,
952 1982 1043 2036 con·

3 2079 87 2148 lere
106 2059 351 2172 praetermisit,
380 2069 520 2146 nullam
542 2069 616 2145 sere
636 2093 765 2148 eorum
782 2074 1039 2200 extradorupr,

2 2192 165 2285 iquibus
189 2185 355 2284 parandis
382 2186 458 2260 vini
482 2182 609 2282 spiritu
635 2207 729 2283 opus
753 2187 821 2274 est,
857 2183 1040 2268 rationem
1075 2251 1082 2269 ,

3 2307 123 2391 ibuit,
161 2323 283 2400 neque
309 2298 503 2376 discrimen
528 2300 622 2374 inter
645 2301 763 2375 infusa
785 2300 900 2378 calida
927 2317 1042 2400 atque

4 2420 141 2506 ceorla,
164 2433 200 2490 et
217 2429 338 2514 parata
359 2437 408 2490 ex
420 2413 601 2490 ambobus
621 2414 775 2490 extracta
795 2415 1040 2507 intercedens,
1088 2419 1092 2428 '

4 2552 96 2607 irate
126 2529 205 2606 satis
237 2529 390 2605 notauit
466 2524 622 2625 Egregie
657 2543 778 2604 autem
812 2528 969 2606 versatur
1001 2532 1042 2616 in
1125 2586 1130 2597 .

7 2646 186 2720 tartaridis
218 2647 365 2732 nacula,
415 2643 481 2742 qui
509 2643 553 2716 in
585 2641 753 2740 parandis
783 2640 841 2716 his
872 2643 1040 2720 extrudis

5 2771 89 2859 rigo
107 2773 328 2851 occurrunt;
357 2759 515 2857 propria,
547 2749 586 2832 lt
603 2756 756 2860 videtur,
780 2753 1039 2834 obseruatione
1064 2800 1070 2808 ·
1198 2784 1201 2799 ’

6 2903 103 2966 ωε,
120 2950 124 2962 ,
142 2872 290 2950 consilia
314 2872 493 2972 suggerit,
528 2891 548 2945 a
574 2869 679 2968 prisci
708 2872 820 2946 motis
846 2873 1042 2948 tenacitate
1144 2891 1150 2912 ·

6 2991 125 3066 :riade
158 3011 202 3066 ac
235 2989 280 3064 ab
313 2985 515 3064 immodico
548 2985 722 3060 nouitatis
751 2985 870 3061 sludio
894 2985 1066 3088 aliena,¹

7 3111 109 3181 tibus
146 3105 282 3200 corrigi
314 3101 507 3177 ille'labor
528 3095 655 3196 possrt;
689 3111 733 3186 et„
750 3121 893 3176 nouum
918 3069 1039 3200 supel-

8 3224 98 3295 uilis
122 3241 261 3318 genus,
292 3238 338 3290 ex
361 3215 494 3291 balneo
509 3213 652 3312 vaporis
669 3225 704 3286 et
721 3215 846 3300 maris,
881 3216 934 3291 vti
957 3215 1040 3312 qui·

8 3362 56 3410 :nr
84 3335 191 3432 loqui
215 3330 374 3430 gestiunt
396 3329 569 3414 chemici,
600 3326 865 3424 composttum,
904 3331 1042 3426 inquo

8 3455 89 3524 irari
125 3443 360 3522 efficacissima
390 3465 478 3520 cum
513 3440 613 3516 nulla
646 3455 709 3515 aut
741 3439 856 3516 saltim
888 3443 1041 3519 minima

8 3563 130 3639 irtiuin
149 3559 355 3636 volatilium
375 3557 506 3632 indura
525 3569 662 3652 queant
680 3554 848 3645 extratla,
867 3559 937 3631 vnd
955 3579 1042 3632 cum

18 3679 235 3754 :ciminibus
260 3673 415 3771 egregiis
439 3669 680 3765 extratlorum
705 3673 850 3746 corticis
868 3671 1043 3770 ang‘ustu·
1161 3681 1176 3775 Ἰ

11 3821 49 3884 e,
85 3809 123 3870 et
138 3791 293 3904 'corticis
313 3785 505 3887 peruuiaui
526 3785 648 3870 rubri,
682 3783 859 3860 exhibuit

89 3961 236 4051 „Alam
267 3953 483 4041 dissertatio,
529 3949 698 4048 inscripta
729 3947 776 4022 To*
800 3937 916 4050 sperae
937 3949 1039 4036 .&c.,
1130 4031 1135 4044 ‚

34 4085 200 4156 veterum
223 4073 361 4172 scriptis
376 4071 491 4167 tnagis
504 4065 647 4152 uersata,
664 4061 780 4140 multa
795 4063 1043 4142 recentiorum

12 4211 130 4290 sicutrii
140 4202 247 4291 Opusc.
257 4205 344 4268 acad.
358 4201 393 4267 V
389 4203 428 4267 us.
437 4199 497 4267 IV.
652 4172 713 4254 Bb
897 4191 1043 4277 tempo·
1125 4237 1128 4252 .
