2626 4738
61 431 75 471 s
162 266 168 281 ι
246 343 330 456 336
447 267 547 459 l'uni
566 333 744 431 'Solutus
764 335 930 490 Romani
955 355 1106 460 meruius

243 572 319 648 opu
336 573 376 625 oc
389 545 503 625 luxum
518 545 674 646 perditis,
702 545 956 646 multomagis
977 545 1001 625 ll
1025 567 1071 624 ex
1089 543 1261 622 nidorionr
1287 531 1288 580 ³

223 657 391 738 ‘ludibriis
412 665 525 738 animi
550 664 754 758 arrogantia
775 674 813 738 et
829 661 1012 762 superbia.
1037 685 1120 738 cum
1139 661 1263 738 aliorum
1287 651 1288 696 ³

242 775 498 864 contumeliis,
529 777 790 862 intumuerint,
825 794 888 852 aot
910 775 1198 852 ficonnmioran
1219 764 1288 873 pn*

241 889 394 966 aliarum
418 887 584 987 gentium
609 901 646 962 et
674 901 851 964 terrarum
889 893 1036 965 iniurias
1065 879 1288 964 cunulatorunl

239 1006 366 1102 rupinis
393 1006 505 1080 virtus
527 1000 674 1100 publica
704 1024 746 1079 ac
771 1003 889 1078 ciuilis
915 1003 1071 1079 extinsia
1098 1005 1209 1089 suerit,
1233 995 1288 1074 os

161 1155 167 1169 =
204 1159 213 1170 ¹
231 1117 565 1218 foedansemtute·
584 1120 696 1190 onnia
708 1120 818 1214 prium
831 1141 969 1213 uergere,
985 1144 1064 1193 mox
1080 1141 1184 1197 rueres
1206 1139 1267 1188 earn
1287 1109 1288 1155 ³

80 1328 87 1334 ¹
231 1255 298 1332 ptr
311 1229 437 1320 'maior
463 1253 567 1305 annot
584 1226 657 1330 ipsu
686 1231 848 1308 tolerandi
870 1234 1039 1332 nceffllote
1061 1236 1095 1308 in
1119 1237 1166 1305 iet
1187 1235 1269 1302 unu:

238 1343 385 1420 tandem
410 1342 641 1420 intolerabilem
661 1346 780 1446 uisam
809 1347 869 1420 tibi
885 1335 986 1420 dulia
1003 1347 1163 1420 remedia
1179 1343 1270 1419 sonu·
1287 1339 1288 1384 ³

238 1478 306 1534 nae
337 1457 436 1534 casus
462 1457 641 1540 attulerit,
672 1455 775 1557 (nam
806 1461 850 1548 ii,
881 1462 946 1558 qui
976 1459 1015 1535 in
1042 1459 1135 1536 auto
1164 1481 1269 1555 regan

137 1631 141 1643 .
237 1571 398 1672 sapiunt,
430 1569 476 1648 dc
495 1571 550 1649 his
572 1571 664 1647 nihil
678 1567 863 1670 cogitant)
881 1570 1208 1672 sonuitaderouffa
1223 1599 1270 1669 po·

70 1699 79 1750 ²
229 1687 546 1788 pusaripserurnque
559 1688 696 1771 lieentia,
710 1689 808 1786 finiri
816 1714 829 1766 ‚·
857 1687 952 1762 hanc
967 1703 1090 1763 autem
1110 1689 1272 1782 miltun·-

209 1819 215 1832 “
236 1801 367 1878 &nnn
388 1802 525 1902 consiliis
537 1795 624 1900 poffe
644 1801 722 1894 regi.
760 1797 1038 1896 Magistratuum
1059 1804 1156 1876 enim
1171 1798 1288 1874 aucto-³

234 1917 320 1992 ritas
337 1913 620 2000 inverecundia„
640 1911 723 2012 lege
740 1933 782 1988 ec
805 1933 908 1988 more
927 1914 1182 2012 proficiscitur:
1209 1917 1288 2010 qul-¹

151 2021 161 2030 “
234 2029 319 2104 bus'
342 2027 450 2104 semel
486 2027 652 2102 ertinslis
697 2026 892 2102 meliorum
928 2027 1044 2106 suasus
1079 2027 1288 2104 ridentur?

230 2141 361 2242 plebe,
382 2139 610 2252 ¹atrociffirnis
625 2139 853 2218 adsuescente
872 2163 937 2239 per
950 2157 1161 2241 temporum
1182 2144 1288 2215 licen-³

231 2261 340 2348 tiam3
385 2275 496 2356 quam
522 2258 560 2329 in
587 2255 777 2329 utilitatem
813 2254 910 2330 suam
946 2272 1095 2334 vertunt
1125 2253 1288 2334 homines?

229 2365 385 2457 factiosi,
416 2370 478 2444 alii
495 2391 541 2444 ex
559 2369 640 2443 aliis
657 2390 723 2467 per
739 2367 936 2445 sadionum
955 2369 1209 2446 viciffitudines
1224 2369 1270 2440 liu

155 2477 160 2487 ’
230 2483 485 2572 succedentes,
519 2483 623 2558 malis
646 2483 864 2572 deteriores,
899 2501 990 2560 mox
1015 2487 1059 2558 iis
1085 2479 1288 2560 deterrimus

170 2664 176 2674 .
204 2631 209 2650 =
228 2597 494 2695 multomagis,
521 2595 558 2684 si.
576 2595 775 2684 nobilitate,
790 2595 935 2672 luxurie
953 2615 990 2672 et
1005 2601 1152 2695 ignauia
1172 2595 1271 2676 stalla,

184 2762 187 2775 ·
227 2735 341 2789 nemo
358 2715 453 2787 inter
467 2735 543 2799 cos,
561 2713 627 2810 qui
641 2733 777 2807 genere
790 2725 827 2785 et
841 2714 975 2809 opibus
988 2712 1223 2808 praecellunt,
1236 2709 1271 2780 eli

136 2829 143 2836 '
228 2827 294 2924 qui
318 2847 395 2900 non
418 2841 481 2900 aut
504 2827 706 2899 contemtui
729 2837 793 2898 aut
809 2825 898 2900 odio
920 2824 1105 2900 habeatur.
1167 2824 1216 2902 lta
1237 2845 1271 2893 eu

227 2956 285 3014 res
306 2940 527 3022 deueniuut.
568 2937 812 3012 etmalorum
841 2961 909 3016 nec
931 2940 1112 3016 auxilium
1140 2935 1269 3038 supersit

225 3045 297 3130 iaec
319 3052 543 3136 remedium,
566 3049 641 3134 ,ulfi
670 3053 715 3127 ab
745 3055 880 3144 a'rmis3·
917 3053 974 3128 his
1001 3067 1126 3130 autem
1150 3069 1188 3128 tt
1217 3073 1268 3124 nec

115 3243 122 3252 ,
224 3165 360 3242 modus
383 3165 424 3240 lit
444 3163 688 3263 expectandus
711 3163 775 3238 nisi
800 3188 820 3239 a
840 3161 1005 3241 satietate.
1070 3165 1165 3243 Nou
1186 3168 1266 3240 enin

131 3373 135 3384 ι
223 3278 349 3364 facile,
389 3279 451 3361 nisi
475 3278 651 3354 exsatiatis
680 3301 743 3375 per
771 3278 891 3354 clades
911 3279 1119 3378 caedesque
1141 3299 1266 3357 mutuas

223 3393 285 3466 iris
307 3406 344 3467 et
366 3393 483 3479 odiis.
507 3393 697 3489 studisque
726 3413 791 3490 per
811 3393 941 3492 longas
961 3393 1183 3470 calamitates
1205 3395 1265 3466 ani·

223 3507 313 3594 ruis,
339 3506 519 3581 exhaustis
536 3530 600 3603 per
614 3507 838 3602 direptiones
858 3524 895 3583 et
909 3509 1125 3582 vastationes
1149 3509 1265 3607 opibus

126 3631 130 3641 '
223 3641 265 3696 ac
287 3621 423 3718 copiis,
448 3617 591 3698 sublato
614 3621 745 3716 partior
768 3619 863 3695 inter
891 3645 1011 3707 arma.
1051 3625 1185 3720 partim
1214 3641 1266 3718 per

108 3751 112 3760 ’
220 3733 503 3831 proscriptiones
535 3747 572 3806 et
600 3732 792 3831 supplicia,
836 3733 1024 3826 fortissimo
1053 3743 1208 3836 quoque
1239 3746 1267 3806 et

221 3845 553 3935 contumacissimo,
585 3847 696 3922 ceteri
718 3847 1042 3948 malorum-quae
1064 3851 1193 3924 vident
1214 3848 1266 3919 do·

98 4031 103 4036 .
189 4022 192 4031 .
212 3963 431 4036 minationis
456 3960 515 4036 seu
537 3979 693 4058 aequare
717 3961 811 4035 mala
832 3962 891 4038 seu
910 3961 1085 4061 superare,
1111 3960 1265 4062 pertaefi,

220 4095 266 4150 ex
291 4091 457 4178 tempore
478 4075 677 4163 medelam,
707 4096 966 4178 quamcunque
990 4077 1066 4154 sors
1086 4077 1262 4156 obtulerit,

1189 4213 1262 4264 arra·
