2604 4740
152 409 160 422 .
241 319 328 414 266
389 321 589 441 Cmnmen
616 319 844 458 menedon
869 349 905 412 e
926 319 1165 415 LXXXXI.

177 562 183 572 ·
295 529 394 606 vnde
410 550 542 626 magna
566 525 662 603 coeli
689 525 910 603 diuerliteez'
930 527 1066 627 lemper
1085 539 1119 600 et
1137 538 1254 601 enotan·

299 644 389 720 dum
405 643 473 726 est,
503 641 674 715 cultellis
692 640 748 728 id,
770 642 877 738 qood
899 664 946 716 ex
963 666 1029 727 eo.
1056 640 1202 727 referor,
1215 643 1255 712 vi-

176 783 180 795 ·
296 758 412 843 derit,
436 753 603 835 additoli
626 752 702 828 fieri
730 755 847 852 potest
872 755 989 851 gradu
1010 753 1209 846 latitudinis,
1228 754 1254 825 in

296 893 375 967 quo
393 867 581 944 d'Anuillii
600 867 761 956 tabulae,
776 867 863 952 licet
877 871 1009 943 erroris
1025 889 1099 942 oon
1112 881 1251 962 expertes,

295 983 397 1086 sequi
422 984 720 1056 concertantibus
744 979 842 1056 licet.
918 977 1069 1056 Veteres
1100 1002 1176 1055 cum
1202 1001 1254 1050 nnn

223 1136 227 1144 =
294 1097 445 1184 eodem,
466 1115 544 1191 quo
560 1117 651 1180 nor,
668 1094 716 1168 vll
734 1093 802 1168 lint
826 1093 1055 1177 calendario.
1072 1092 1143 1167 dier
1156 1091 1193 1164 ab
1206 1090 1253 1162 illis

190 1221 195 1228 '
294 1208 471 1296 notatiad
487 1207 866 1296 nollrumrelereodi.
891 1197 1005 1307 idque
1022 1210 1088 1296 ita,
1116 1202 1254 1298 etiuipli

293 1324 474 1398 orationis
510 1321 597 1397 serie
626 1321 704 1395 dier
728 1321 924 1396 calendarii
954 1321 1067 1398 nostri
1098 1331 1255 1420 ponantur,

292 1437 424 1510 veteris
439 1431 641 1532 parentheli
656 1433 785 1510 inclufi
801 1433 991 1510 addanmr.
1048 1431 1158 1526 Quod
1181 1445 1212 1504 er
1227 1429 1257 1501 la·

293 1549 400 1626 cilius
418 1547 459 1624 lit
476 1549 759 1645 colligentibus,
786 1547 919 1636 iciant,
958 1549 1074 1624 veteri
1091 1545 1257 1624 calendario

289 1663 338 1738 ab
354 1686 453 1738 anno
470 1663 557 1736 inde
579 1685 682 1762 1709
700 1661 778 1735 dies
795 1662 977 1748 undecim,
994 1675 1080 1737 ante
1098 1659 1192 1736 illum
1206 1657 1256 1729 din

133 1835 137 1842 -
292 1777 441 1864 decem,
461 1787 524 1849 aut
542 1773 663 1849 leculo
685 1775 884 1850 remotiore
901 1777 1094 1874 pauciores
1109 1771 1257 1852 addendos

292 1887 380 1974 effe,
410 1903 449 1962 vt
466 1889 576 1962 nostri
591 1886 787 1963 calendarii
806 1888 904 1964 diem
923 1889 1143 1980 habeamus3
1170 1884 1260 1959 caleri·

290 2001 393 2076 dario
414 2015 535 2076 autern
561 2013 681 2081 vetere
713 2001 794 2076 vlos
832 1999 902 2106 else
938 2027 1071 2102 omnen
1100 2020 1196 2100 teque
1224 1992 1258 2064 ad

231 2125 236 2134 ’
289 2137 428 2190 annum
453 2127 576 2201 1582.
594 2110 817 2213 euangelicis
835 2115 940 2192 leeris
964 2115 1128 2192 addidos
1147 2106 1262 2187 iniier-

289 2231 428 2317 mania,
458 2224 608 2315 Darios,
625 2223 798 2316 Batauos,
824 2251 942 2328 reque
957 2230 1001 2305 ad
1016 2251 1152 2304 annum
1173 2244 1259 2315 1700,

205 2389 209 2402 ι
286 2339 512 2429 Britannoe,'
523 2363 638 2440 nsque
653 2343 701 2418 ad
716 2329 855 2419 anuum
878 2367 1006 2439 1752,
1025 2345 1162 2420 Succos
1178 2355 1262 2432 isque

288 2457 333 2532 ad
352 2477 491 2532 annum
524 2475 639 2549 ¹753·

344 2567 454 2648 Ratio
471 2581 728 2668 argumentum
747 2567 939 2658 tradendi,
967 2583 1005 2646 et
1018 2579 1163 2646 enomte
1178 2563 1264 2639 exiti·

228 2720 231 2732 ¹
287 2687 438 2760 nerariis
458 2682 774 2780 disponendique
793 2685 831 2758 in
850 2683 1062 2761 calendario
1078 2679 1262 2760 Palaestinae

286 2795 440 2900 Buhlius
458 2809 495 2870 et
507 2793 708 2870 Welchiue
726 2794 774 2870 νῦ
790 2796 891 2886 lunt,
920 2797 1179 2895 complaceat,
1197 2793 1263 2865 bene

285 2911 441 2985 fecerint
460 2909 724 2992 concertaturi.
754 2907 886 2987 fihaec
906 2910 1034 3009 scripta
1061 2933 1160 2986 anuo
1189 2917 1262 2998 1785

283 3011 425 3122 publici
441 3023 528 3116 iuris
546 3019 665 3111 falle,¹
685 3021 863 3119 legerint:
892 3039 1038 3120 gratum
1065 3043 1210 3123 quoque
1230 3016 1266 3088 lu·

236 3233 238 3242 .
283 3149 408 3213 turum
428 3134 634 3221 lectoribus,
646 3156 849 3234 eorumque
866 3135 980 3212 ceolla
990 3139 1116 3217 ordini
1137 3127 1267 3235 philolo·

284 3249 465 3348 phorum,
511 3248 620 3324 talem
646 3247 669 3324 li
698 3249 857 3326 iudicem
888 3251 1109 3341 adiecerint,
1146 3243 1266 3348 qualern

284 3363 351 3443 suo
370 3362 578 3440 calendario
595 3361 806 3438 Walchius.

338 3473 537 3553 Librorum
554 3487 857 3574 eutem,quorum
875 3473 955 3554 esus
969 3476 1106 3578 eliquia
1123 3471 1185 3554 elle
1204 3481 1268 3568 pot·

225 3584 317 3678 erlt',
342 3589 530 3666 recensum
547 3588 647 3664 dabit
662 3590 790 3666 harum
805 3611 926 3666 rerum
946 3590 1111 3668 studlolis
1128 3580 1266 3666 llleuleli

68 3739 74 3747 ·
225 3702 449 3782 bibliotheca
470 3701 645 3778 historica
705 3700 871 3804 Etsrpoll
893 3699 1118 3783 Forlkelium
1143 3697 1264 3778 lublrln

225 3819 294 3895 alia
311 3813 540 3893 accellerunt
573 3811 767 3916 Dilperfinr
787 3813 968 3894 nonnulla'
976 3819 1129 3922 reperiri
1146 3811 1265 3914 polluat

195 3936 264 4008 ‘in
292 3929 432 4006 Noliliir
460 3942 490 4002 et
518 3929 694 4029 Exceptis
714 3929 920 4007 bibliothecae
951 3931 1076 4029 Regiae
1103 3921 1264 4023 Perifierl's

150 4095 154 4104 .
186 4094 196 4104 -
224 4065 342 4146 nuper
370 4043 474 4122 triuio
499 4042 750 4124 voluminibus
778 4043 954 4145 vulgatis;
987 4059 1064 4126 tum
1091 4048 1134 4122 in
1161 4031 1266 4121 Alad-

278 4179 285 4186 ·
454 4177 458 4186 ’
1173 4145 1265 4251 lappil
