2646 4740
235 349 397 464 ιιι
401 330 405 342 ’
489 309 860 486 ιιοιιηιιιιι
888 317 1046 448 aanor
1097 321 1100 329 ’

1308 331 1309 390 ι

1308 431 1309 496 ι

422 601 426 608 ·
528 555 604 638 Gr.
651 556 762 649 Lvu.
784 551 1019 647 Bonuun
1200 525 1210 534 β
1300 597 1309 646 4

238 667 288 732 M.
308 663 435 730 Betae.
465 661 544 748 roga·
571 683 592 730 α
617 663 719 764 confir.
747 665 841 750 instet
831 685 879 730 rae
904 667 1045 733 interior.
1072 664 1172 736 ICtor.
1179 665 1309 752 mystae

412 745 504 812 arada
501 769 546 810 m.
570 748 699 816 Ordines
720 748 883 815 Primnrlo
910 760 939 814 et
963 750 1139 816 Ordinorio.
1308 735 1309 784 l

180 859 183 874 ’
240 855 334 938 Viro
360 857 555 954 Perillustri
584 866 721 940 meritis
750 863 854 940 aonia
879 865 1073 940 virtutibus
1095 857 1309 946 venerabili

241 977 447 1072 vobisque,
472 971 617 1066 ciues:
654 975 890 1064 institutionis
912 979 1084 1054 industria
1110 972 1274 1051 assiduitate

234 1109 285 1164 ac
302 1089 500 1194 religione,
532 1115 678 1167 morum
704 1095 974 1192 verborumque
992 1093 1159 1169 comitate
1180 1099 1208 1162 et
1221 1085 1275 1160 hu·

241 1205 438 1295 monitate,
470 1207 656 1304 animique
678 1206 953 1294 beneuolentia,
980 1229 1055 1306 qua
1071 1203 1133 1294 ille
1152 1222 1278 1276 rotam·

116 1321 118 1331 '
149 1319 157 1332 '
243 1315 414 1416 psallitur
431 1341 580 1406 omnes,
610 1339 647 1395 et
666 1319 711 1405 de
728 1322 900 1396 omnibus
921 1321 1014 1424 bene
1032 1317 1160 1394 mereri
1175 1312 1277 1400 lludet,

238 1433 375 1506 urerito
392 1429 577 1508 carissimo.
625 1427 899 1536 Atquevtlnam
917 1431 1081 1508 interesse
1097 1425 1281 1530 poffintsol·

146 1601 149 1616 .
197 1557 209 1570 ‘
240 1541 417 1620 lennibus
435 1547 490 1622 hie
501 1545 603 1622 Senis
620 1547 837 1623 venerabilis
852 1569 980 1624 omnes
992 1547 1059 1634 illi,
1090 1541 1281 1646 quierem

242 1655 432 1757 disciplina
448 1658 621 1757 progressa
638 1659 786 1736 summis
803 1663 888 1758 reip.
908 1663 1143 1750 muneribus,
1170 1655 1283 1734 omnio

242 1792 318 1869 que
334 1775 477 1869 generis
499 1773 574 1848 loci
598 1795 638 1853 ac
660 1775 794 1872 gradus
815 1777 1088 1866 curationibus,
1117 1767 1285 1874 praesede-

245 1889 295 1958 ris
312 1901 348 1959 et
366 1889 454 1984 reip.
474 1887 649 1982 partibus,
677 1910 761 1965 cum
778 1887 886 1962 laude
903 1887 1093 1987 praesunt!
1124 1883 1310 1970 Certatum
1309 1835 1310 1928 ι

127 2045 137 2056 ‚.
217 1997 293 2104 aest
324 1999 419 2072 inter
445 1993 658 2098 Collegae
647 2023 685 2075 ιιι
712 2001 952 2078 decernendis
980 2003 1178 2079 voluntatis
1203 1975 1310 2071 laeti

241 2111 388 2209 tiaeque
406 2110 563 2208 publicis
582 2113 807 2214 priuatisque
824 2113 1167 2216 significationibus;
1190 2117 1287 2188 eertu-

243 2220 342 2300 bitur
360 2247 514 2344 quoque
532 2228 627 2302 inter
645 2251 711 2304 vos
730 2227 774 2304 de
791 2231 882 2328 grati
904 2229 1035 2320 animi,
1068 2221 1288 2306 venerationis

142 2365 151 2390 ι
242 2351 281 2412 et
287 2333 450 2427 amoris
474 2339 784 2434 testificationibus
811 2345 891 2418 viro
914 2343 1168 2450 immortaliter
1184 2323 1225 2416 de
1240 2356 1289 2410 ιο·

189 2521 194 2536 ,
241 2441 299 2526 bis
318 2449 523 2556 litterisque
546 2455 708 2550 merito;
731 2457 873 2554 eritque
895 2456 1005 2534 huius
1027 2443 1290 2536 concertationis

243 2579 319 2641 tam
345 2565 569 2644 honorificae
594 2569 639 2644 ad
664 2569 906 2668 posteritatem
932 2593 1087 2670 quoque
1113 2569 1291 2646 documen·

100 2713 137 2790 ,-
240 2685 324 2756 'tum
351 2681 474 2756 haec
463 2681 536 2779 rpsa
560 2681 742 2786 prolusio,
783 2704 855 2780 qua
877 2683 1041 2760 sollenne
1068 2685 1143 2762 hoc
1166 2679 1290 2866 publbice

236 2793 428 2870 indicitur.
489 2793 603 2894 Saepe
624 2798 723 2872 eninr
744 2795 939 2873 serioribua
964 2820 1118 2898 quoque
1138 2793 1259 2872 aetatib
1260 2810 1311 2912 1²⁸4

242 2893 509 2984 memorabitur
526 2930 664 2983 nomen
684 2905 955 3002 Boehmerium,
981 2901 1311 3054 quaeraturquedt

238 3009 447 3144 bonoribus
467 3033 570 3097 tanto
589 3024 734 3099 nomint
723 3021 893 3152 'babitie
998 3117 1002 3122 .
1046 3117 1049 3124 Ι

148 3269 152 3276 .
357 3136 571 3280 interirem
596 3211 680 3268 cum
704 3189 813 3272 semel
832 3195 999 3274 erexerit
1020 3195 1188 3276 animum
1210 3183 1311 3282 cogi-³

122 3307 126 3314 '
241 3299 334 3374 tatio
355 3313 397 3378 et.
414 3305 633 3380 memoratio
658 3303 898 3384 Antecellorie
918 3305 1011 3389 luris
1034 3312 1144 3386 annis
1158 3293 1295 3386 =atteritis·

241 3433 316 3510 que
333 3413 551 3508 grauissimi,
583 3431 623 3492 et
639 3415 827 3495 honorum
844 3443 993 3502 cumerr
1010 3421 1169 3500 Senatus
1187 3409 1294 3493 acade-

183 3550 189 3556 ·
240 3527 330 3606 urici
349 3527 518 3614 decreto.
563 3539 642 3604 tum
667 3531 922 3612 voluntatibus
945 3538 1117 3621 omnium
1147 3520 1311 3612 officiolo

137 3741 142 3744 -
238 3660 282 3716 ιι
301 3633 455 3735 prolixis
479 3643 512 3717 ei
531 3640 808 3722 habendorum:
845 3647 1047 3726 traducitur
1064 3671 1172 3726 mena
1197 3642 1238 3720 ad
1254 3659 1297 3713 re·

144 3789 148 3806 ι
238 3751 494 3834 cordatiouem
510 3753 681 3856 similium
694 3757 779 3836 cum
795 3764 1010 3852 meritorum
1023 3777 1102 3840 tum
1113 3763 1294 3838 honorum.

239 3891 335 3969 quoe
354 3867 502 3944 fortuna
524 3885 587 3946 aut
605 3871 740 3949 inuidit
758 3873 837 3949 aliie
862 3889 927 3951 aut
943 3875 1072 3974 largita
1097 3877 1167 3964 est,
1194 3884 1297 3950 recur-

99 4079 103 4088 .
240 3985 362 4083 rltque
383 3981 478 4063 adeo
505 3987 661 4061 montorio
675 4013 870 4084 magnorum
890 3987 1022 4067 illorum
1042 3983 1298 4086 emperantia

240 4097 414 4180 Ronlanae
432 4097 607 4188 luminam,
637 4111 674 4176 et
673 4099 889 4246 ιιοιιονιιιιι“
865 4127 903 4180 ru
925 4103 970 4182 ab
985 4100 1287 4211 imperarentur
1252 4093 1287 4167 ιιι
1288 4127 1300 4148 ·

1007 4230 1016 4244 “
1147 4213 1298 4324 ιιιιιιιιιι
