2604 4740
48 465 53 471 .
190 271 322 476 '252⁸
357 299 558 453 Centrum
585 319 814 448 litterarium
842 295 1163 482 oLXXlin.
1239 277 1247 288 Ι

18 511 25 542 ²
123 655 127 662 ,
210 567 433 668 explorandi
454 508 669 650 rirea'lnat.
694 557 927 664 proietluum
951 557 1111 637 faciendi
1137 557 1275 655 pericu-

208 682 310 771 lum,
333 700 370 760 et
389 681 620 758 sollertiuene
636 670 852 754 maturitatis
867 673 943 751 liue
959 675 1005 750 ad
1023 687 1149 750 rerum·
1163 671 1273 747 allum

208 797 286 876 liue
301 797 348 874 ad
367 797 502 874 litteras
517 787 759 892 expoliendum
774 809 818 864 ac
832 787 1024 866 trudendus
1048 788 1206 885 auspicia
1224 809 1277 859 ca-

207 893 347 1012 piendi.
374 979 377 994 ,
407 906 460 983 Vt
474 905 596 984 autem
618 917 724 982 tanto
743 903 1007 994 lollertoioreru
1030 901 1275 978 celebritatem

98 1113 104 1128 Ι
206 1023 301 1102 liaeo
317 1023 513 1099 oertamina
532 1019 728 1106 haberent,
759 1015 939 1116 sapienter
964 1009 1153 1116 prouisum
1181 1016 1276 1088 estet

67 1165 71 1172 ·
206 1135 304 1225 boc,
325 1147 364 1210 rt
380 1158 421 1210 ea
433 1154 520 1211 cum
536 1133 611 1210 alio
628 1129 786 1208 lolleuui
803 1131 997 1208 coniuotlu
1015 1129 1095 1218 sint,
1111 1131 1274 1226 adeoque

64 1265 71 1274 '
207 1248 400 1349 apublioa
425 1249 562 1326 laetitia
587 1247 699 1348 etiam
724 1245 773 1323 td
800 1243 903 1324 illam
932 1243 1275 1345 priuatamaliquid

172 1363 407 1442 ¹deriuetur.
1011 1374 1014 1390 ‘
1138 1383 1143 1394 ¹

97 1515 101 1522 ·
252 1459 256 1474 ¹
321 1474 380 1554 Est
399 1475 519 1562 enim,
549 1469 852 1562 Commiurooer.
886 1471 1061 1550 hibidem
1083 1471 1166 1554 diet,
1184 1484 1277 1545 nata·

166 1569 179 1588 ²
205 1589 255 1686 lla
272 1588 385 1688 Regis
405 1589 517 1668 nostri
532 1583 796 1687 Augustilltmi‚
834 1609 946 1688 quem
973 1587 1156 1664 lummum
1181 1585 1277 1682 Ago·

206 1707 400 1784 notbetam
420 1701 651 1780 laudibutuc
671 1701 767 1777 untia
796 1701 867 1800 piit
897 1701 1176 1801 proloquimur3
1214 1721 1277 1774 nec

138 1869 143 1880 ·
205 1819 326 1897 mudo
348 1818 443 1896 lucia
473 1814 595 1903 ulum,
612 1840 617 1848 ·
634 1815 746 1890 etiam
763 1835 829 1914 per
845 1813 948 1892 lruuc
968 1839 1107 1892 anuum
1133 1812 1278 1892 ooncel·

204 1931 307 2018 sum,
345 1951 472 2008 verum
502 1925 751 2004 valetudinem
776 1946 934 2027 quoque
959 1927 1188 2028 prosperam.
1224 1933 1279 2002 in.

124 2041 127 2058 '
167 2075 171 2085 ¹
206 2044 460 2124 columitatem
485 2063 529 2120 tu
549 2040 875 2140 tranquillitatem.
908 2043 1015 2142 regni
1044 2065 1102 2119 res
1124 2059 1275 2142 pacatas.

205 2171 385 2236 terrarum
403 2152 717 2234 Brunluieenliom
743 2156 872 2232 llutum
894 2154 1169 2246 inconcullum,
1199 2179 1279 2256 gra·

205 2272 380 2350 tulamut.
412 2266 637 2371 Quodlipie
650 2284 690 2346 et
709 2267 1039 2368 teligiolelacimus
1056 2293 1277 2358 nosomnes,

98 2441 103 2456 ,
205 2398 398 2485 quotquot
413 2407 502 2462 eum
527 2383 734 2483 principem
749 2405 793 2472 ae
814 2403 939 2482 regem
963 2385 1127 2462 nostrum
1156 2385 1278 2464 indul·

105 2573 113 2584 ,
204 2496 455 2598 gentillimuua
472 2517 704 2598 veneramur¹
737 2519 815 2575 non
837 2499 960 2574 minuo
979 2521 1046 2576 vos
1062 2499 1276 2577 habebimus

103 2633 108 2640 ’
143 2681 153 2702 ,
204 2611 463 2694 voluntatibus
483 2620 520 2688 et
535 2611 665 2688 animis
690 2611 940 2701 conlociatot,
977 2608 1275 2700 commilitones.

160 2759 163 2772 ·
205 2729 293 2824 qni.
329 2729 408 2804 eiut
427 2723 632 2812 beneficio,
667 2725 773 2826 quod
796 2721 949 2802 aduenit
959 2730 1144 2804 ”omnium
1167 2743 1276 2804 terra·

203 2861 290 2924 rum
306 2851 423 2937 patet.
443 2838 647 2914 litterarum
662 2835 951 2922 tcioieutiarum
967 2839 1159 2918 laconum
1175 2865 1276 2942 oper·

111 2946 116 2954 “
204 2963 287 3028 tum
309 2971 353 3030 tc
370 2964 540 3054 paratum
568 2950 676 3028 tobit
703 2951 854 3040 ridetis,
887 2953 933 3031 ad
958 2955 1062 3054 quod
1090 2958 1274 3042 medere.

203 3065 245 3143 iu
268 3087 347 3166 quo
364 3062 512 3152 retiari.
543 3063 726 3164 bonisque
744 3068 920 3150 omuibus
940 3065 1033 3154 frui.
1052 3072 1162 3148 vobis
1179 3071 1275 3154 licet,

174 3175 183 3182 “
203 3191 390 3276 tauquam
402 3194 486 3254 ante
501 3178 639 3292 patrios
648 3177 740 3256 latet
758 3182 846 3256 etin
864 3181 942 3258 linu
952 3183 1158 3279 parentum.
1188 3183 1276 3276 Quo

202 3288 289 3366 saue
308 3289 579 3394 munificentiae
591 3313 727 3388 genere
740 3292 1035 3391 magnificentius
1052 3313 1091 3374 et
1106 3319 1190 3377 cunr
1205 3301 1276 3372 hu-

201 3404 390 3482 manitatis
407 3403 606 3500 etquiiitte
622 3402 723 3482 sensu
742 3407 974 3486 coniuufflnt
996 3409 1101 3489 aliud
1124 3411 1274 3510 eogitari

203 3515 270 3594 vix
285 3514 421 3612 potest.
455 3518 690 3613 congeneri
711 3515 897 3612 humano,
927 3523 974 3600 ab
990 3525 1224 3624 intelligendi
1239 3525 1273 3596 vi
1299 3537 1300 3592 r

191 3625 309 3704 'fuum
334 3627 582 3726 principatum
596 3627 692 3706 reue
706 3633 927 3730 altimenti,
965 3638 1093 3716 multis
1121 3643 1219 3717 curis
1242 3651 1272 3712 et
1299 3655 1300 3696 ³

202 3739 376 3836 impensu
392 3737 535 3838 prouisa
553 3741 812 3835 instrumenta.
837 3748 1080 3842 adiumenta.'
1100 3767 1139 3831 et
1156 3753 1269 3832 cultus

202 3850 441 3930 humanitatis
464 3851 658 3949 praefidit,
683 3869 759 3936 taut
779 3860 981 3941 liberaliter
1005 3886 1267 3967 proponantur.

191 3966 402 4058 ‚utaditum
443 3964 544 4052 rius,
580 3965 739 4058 lrullut,
777 3977 954 4054 omuibus
975 3995 1116 4079 puteet;
1159 3977 1266 4082 quid?

204 4079 312 4178 quud
324 4101 411 4159 nou
429 4077 546 4158 ruodo
562 4081 669 4162 vobit
684 4085 879 4187 proposuit
901 4089 995 4172 baec
1018 4096 1173 4197 publica
1190 4099 1269 4172 libe-

251 4228 268 4243 ··
578 4231 582 4238 ·
1139 4211 1266 4292 'ralitut
