2714 4726
118 267 132 290 ’
360 293 402 380 in
422 273 789 428 finiendisbellin
878 239 915 378 ‚⁹
959 221 962 226 Ι
1003 301 1087 410 52'9
1216 419 1223 440 '

7 525 46 573 fx
64 496 304 598 temporibus
318 509 514 596 *nt'capere
538 495 625 610 licet
642 497 691 574 orl
703 495 901 602 exsequenda
926 521 967 578 ea
988 523 1084 600 quae

7 617 181 690 inundata
207 629 244 689 et
265 611 426 693 insontia
451 612 553 698 sunt,
585 616 638 690 ita
658 611 862 714 confiliorum
880 616 1016 716 summo*
1036 619 1082 692 ab

14 733 119 802 nitio
140 732 187 802 ita
205 729 399 806 constituta
422 729 502 816 etit,
528 741 567 802 vt
584 728 622 802 in
643 731 834 804 eamutari
853 727 960 819 nihil,
987 731 1083 807 nihil
1107 775 1122 812 =,
1155 813 1157 816 ,

7 842 139 918 idelis
121 839 331 918 ubtrahrue
350 837 486 941 pollit
507 842 646 940 alioqui
671 865 802 942 parum
823 843 1030 922 deliberato
1045 861 1083 921 et
1211 885 1214 903 ·
1348 825 1349 902 J

7 958 224 1034 :onlulto
213 981 251 1032 sn
285 957 425 1032 bellum
454 953 560 1032 ruisse
595 958 759 1056 populus
791 957 975 1036 dicendus
1000 965 1081 1038 erit

7 1073 164 1150 &onitas
179 1088 302 1156 autem
327 1054 566 1147 historiarum
576 1070 668 1160 lide,
701 1072 816 1148 multa
841 1073 936 1149 bella
955 1072 1101 1172 suscipi

7 1213 42 1262 ic
75 1188 159 1283 geri
180 1185 262 1271 lic,¹
282 1200 319 1260 vt
336 1199 466 1260 neutra
487 1191 574 1284 pars
597 1184 680 1260 satis
707 1186 910 1264 definitum
924 1211 966 1264 ac
989 1211 1083 1266 con·-

12 1307 175 1376 litutum
197 1299 347 1388 habeat,
365 1301 470 1402 quid
491 1298 649 1376 tandem
658 1299 759 1375 bello
781 1299 956 1402 consequi
976 1303 1084 1396 selis,
1174 1315 1185 1326 ·

7 1431 40 1490 tt
68 1418 168 1492 adeo'
200 1428 338 1490 temere
362 1431 399 1490 et
423 1413 527 1490 nulla
553 1428 650 1491 certa
676 1435 762 1532 eum
795 1411 867 1490 line
900 1421 1008 1492 etiam
1035 1409 1082 1492 de

7 1556 99 1622 sace
134 1530 364 1606 consultetur
393 1542 430 1602 et
466 1531 698 1626 transigatur.
744 1523 883 1606 Raro
911 1530 1084 1629 fortunae¹

7 1663 107 1720 :anta
132 1646 182 1718 est
200 1643 418 1732 constantia,
453 1657 492 1716 vt
513 1665 553 1718 ea
575 1642 620 1717 ad
646 1643 783 1720 maiora
807 1646 856 1719 ita
879 1639 1006 1731 ducat,
1044 1655 1085 1720 vt
1209 1693 1213 1710 ·
1348 1627 1349 1648 Ν

7 1785 51 1834 ex
82 1761 142 1834 his
181 1758 249 1832 alia
284 1772 366 1832 tuto
393 1756 524 1832 tentari
553 1755 721 1855 polhoc
765 1757 978 1836 Alexandro
1001 1755 1123 1836 lane·

7 1879 187 1948 nouimus
221 1872 313 1946 alios
345 1877 392 1946 e'x
424 1871 503 1946 aliis
535 1867 711 1946 succclsus
738 1867 906 1968 obtigilse
933 1873 1085 1991 sortqna

7 2007 79 2062 rain
112 1989 288 2092 propitia,
318 1998 389 2072 vt,
407 1987 471 2082 qui
493 1981 590 2058 Altae
617 1983 713 2058 forte
738 1999 937 2062 contentus
959 1963 1086 2064 litt'ore
1176 2043 1180 2057 .
1262 2043 1265 2051 .
1348 1963 1349 2028 J

7 2101 150 2187 n,nllct
190 2101 354 2176 vitioriis
370 2111 553 2196 tanquam
587 2095 683 2170 aestu
709 2095 918 2194 abreptus
907 2121 945 2172 m
966 2102 1085 2178 alrunt

7 2218 159 2293 euectus
178 2229 295 2290 totam
321 2211 435 2290 Aliam
457 2211 676 2342 subiugaret.
735 2205 919 2287 Videmus
935 2215 981 2290 ab
1005 2216 1084 2290 aliis

7 2336 111 2408 bella
134 2341 322 2406 commota
343 2325 450 2402 else
440 2328 502 2402 tris
528 2323 683 2401 stodiis
713 2339 876 2402 extrema
903 2325 1087 2404 suadenti·

7 2453 104 2532 bus,
146 2437 194 2520 it'a
210 2449 256 2519 ‘st
281 2461 319 2516 ea
344 2439 527 2540 propolira
554 2433 693 2542 essent„
724 2460 818 2535 quae
844 2436 980 2539 assequi
1005 2465 1085 2519 non

7 2559 176 2662 pollent,
215 2557 278 2632 nih
306 2557 475 2634 l'ortunae
499 2545 638 2628 olous
654 2552 768 2629 -variis
799 2552 1087 2652 multiplicibus.
1155 2565 1173 2584 ¹·

7 2702 84 2775 que
110 2671 402 2748 incredibiliter
393 2692 429 2745 m
450 2687 567 2742 vnum
590 2663 906 2764 conspirantibus,
948 2671 1086 2766 quibus

9 2813 126 2864 rienso
145 2788 273 2886 paullo
293 2783 490 2914 sapientior
513 2799 634 2857 return
662 2780 838 2858 summam
857 2787 1086 2898 committam

8 2907 103 2984 hos,
137 2901 161 2976 li
189 2915 332 3000 praeter
347 2899 566 2998 opinionem
585 2917 640 2970 res
657 2895 878 2984 ceciderint,
908 2870 961 2973 ad
975 2901 1104 2976 ratm‘

10 3045 79 3094 nes
100 3018 195 3115 pacis
215 3015 392 3091 ineundas
412 3023 553 3100 tantum
577 3031 656 3085 non
681 3011 826 3110 stupere
855 3009 1008 3088 necesse
1014 3013 1085 3106 est3

9 3134 473 3225 nonmiousquameos,
502 3122 640 3224 quinil
669 3123 734 3200 nifi
753 3125 1087 3204 excidiumhollis
1219 3213 1225 3222 ι
1279 3135 1282 3149 ·
1348 3175 1349 3194 i

8 3247 143 3324 minati
168 3255 290 3328 erant,
333 3261 419 3317 cum
447 3240 492 3316 ad
520 3261 606 3315 eom
634 3236 692 3314 sel
721 3239 998 3336 reprimendum
1024 3243 1095 3319 vix·

8 3365 146 3436 virium
173 3358 253 3434 latis
279 3350 373 3430 effer
434 3351 548 3451 Atqui
566 3351 737 3429 Romobos
761 3351 951 3452 fatendum
975 3355 1025 3433 est
1048 3359 1089 3433 in

10 3474 205 3576 plerisque
234 3463 341 3546 bellis
369 3464 490 3545 coniri
494 3465 634 3544 suendis
661 3463 861 3544 deliberate
893 3483 931 3547 et
955 3468 1088 3558 sedate.

10 3589 152 3686 opibus
183 3586 315 3662 suiset
345 3581 456 3658 bolis
472 3583 668 3680 utrinque
698 3584 901 3673 trutinatis,
947 3587 1107 3672 ceteris..

12 3727 114 3808 quae
130 3707 167 3774 ln
186 3673 516 3776 considerationem
533 3695 705 3784 veniunt,
733 3699 965 3794 ponderatis,
984 3697 1091 3798 ipsis-

13 3843 91 3916 que
110 3815 199 3890 belli
220 3813 383 3889 colibus'
375 3833 411 3884 m
431 3812 590 3886 rationes
605 3807 789 3900 adhibitis,
814 3810 934 3889 ob‘t
873 3815 934 3885 mit
935 3837 967 3884 ιο
975 3814 1060 3910 sto
1048 3837 1092 3889 rm

7 3929 193 4036 finemfibi
217 3920 420 4026 praefixisse,
452 3923 624 4024 adquam
645 3921 803 3998 bellum
815 3923 1094 4019 perduceretur,
1183 3936 1200 4028 j

16 4069 175 4144 eantque
195 4044 307 4130 lolem,
338 4065 435 4137 quam
449 4035 666 4138 probabiliter
684 4033 819 4150 offiqur
796 4035 946 4122 siceram
973 4061 1096 4139 quum

58 4174 289 4260 HryniiOpusr.
300 4173 387 4238 acad.
401 4173 471 4240 Vol.
478 4170 539 4238 IV.
648 4141 785 4226 Ll
968 4155 1092 4233 autem
1116 4261 1118 4266 Ι
1161 4263 1167 4272 ¹
