2672 4746
169 353 175 367 '
264 319 322 458 70
359 313 446 436 'De
461 317 683 472 iudiciorum
699 337 934 460 publicorum
951 343 1098 434 ratione
1119 357 1154 430 ct
1172 327 1295 430 ordine

198 549 201 558 '
231 567 233 576 “
263 565 582 664 ⁴paucornm'opes
599 560 787 636 reuocata,
822 547 1079 648 cumSenatue
1096 559 1177 630 tum
1198 541 1328 648 Ephori

271 665 319 743 de
347 666 581 752 criminibus,
628 667 742 742 etiarn
773 664 882 740 nullo
911 663 1117 742 accusatore
1145 678 1183 740 et
1203 663 1328 762 indice,

164 837 172 868 ,
270 781 554 880 cognoscebant.
625 777 680 857 Aa
706 779 884 856 libertatis
909 773 1035 876 itaque
1059 779 1098 853 in
1131 767 1328 870 ciui'tatibua

269 893 400 988 liberis¹
411 895 570 970 rationes
585 891 817 969 'referendum
836 892 884 969 est
895 889 968 967 hoe
985 891 1041 966 vel
1054 892 1221 978 maxime,
1235 911 1307 989 quo

190 1053 194 1070 ·
271 1009 539 1105 magistratibus
562 1006 662 1088 nulla
679 1029 726 1081 ex
744 1002 869 1082 officio
897 1005 1064 1102 cognitio
1081 1003 1251 1080 defertur.
1291 1004 1328 1084 At

229 1125 373 1197 ,enim
391 1123 455 1198 sub
473 1119 762 1220 imperatoribus
786 1116 928 1196 Romae
953 1141 1038 1195 curn
1068 1119 1206 1216 reliqua
1230 1119 1328 1192 libert

248 1247 251 1254 “
270 1248 349 1318 tate
364 1249 400 1326 et
414 1239 471 1312 ius
490 1233 583 1310 illud
601 1233 784 1312 sublatum
804 1233 871 1322 eii,
900 1245 957 1322 vt,
985 1231 1051 1309 niss
1065 1230 1268 1320 accusatus,
1298 1233 1328 1318 in

272 1350 455 1430 iudicium
495 1349 627 1432 adduci
660 1360 696 1424 et
741 1347 981 1425 condemnari
1007 1343 1123 1446 pollet
1149 1367 1170 1422 e
1197 1347 1317 1422 ciuibu

101 1451 105 1462 ’
168 1515 174 1522 -
272 1486 411 1558 nem03
441 1465 547 1540 initio
565 1459 658 1540 failo
679 1465 719 1536 in
742 1462 933 1540 maiestatis
959 1462 1132 1548 crimine,
1169 1459 1215 1536 ad
1248 1460 1321 1536 indi

273 1597 362 1654 cunr
378 1591 421 1664 ¹et,
432 1576 640 1654 delatorum
657 1575 831 1660 malitiam
849 1574 1232 1663 iudiciisconstitutis,
1263 1587 1325 1648 tun

266 1689 385 1768 illatis
401 1693 445 1765 in
466 1691 598 1773 iudicia
621 1692 806 1768 criminibus
830 1691 1124 1772 extraordinarie·
1164 1699 1202 1762 'et
1223 1714 1326 1782 cogno

267 1803 431 1909 [centibus
457 1802 714 1902 imperatoribus
743 1805 789 1894 de
820 1805 1036 1885 criminibus
1059 1813 1156 1880 extra
1187 1803 1320 1878 ordinm

158 1940 193 1956 ··
273 1915 329 1994 lta
350 1919 503 2012 crimina
522 1917 663 1994 leuiora
686 1916 732 1993 ad
760 1915 980 1994 Praefeilum
1008 1919 1127 2004 vrbis,
1164 1917 1315 2012 grauior

145 2027 148 2036 ’
215 2117 217 2122 ,
268 2029 672 2130 autfrreus‘dignitatc
693 2045 730 2108 et
745 2031 831 2110 loco
848 2035 1044 2120 emineret,
1056 2030 1105 2116 aad
1120 2026 1306 2106 Praeleilu

168 2151 169 2158 ‘
274 2141 464 2239 Praetorio
481 2145 612 2223 deferri
630 2167 796 2244 coepere.
858 2143 974 2237 Quod
997 2143 1021 2222 sr
1049 2142 1193 2241 vrg'eas,
1231 2167 1320 2240 mag

187 2331 193 2356 ,
273 2258 385 2340 stratu
403 2281 480 2335 non
499 2277 547 2334 ex
572 2255 697 2336 officio
722 2259 952 2362 inquirente,
997 2259 1201 2338 multorum
1224 2261 1319 2334 crim

273 2395 366 2454 num
386 2373 643 2470 impunitatem
661 2385 697 2448 ct
717 2371 939 2472 flagitiorum
963 2371 1149 2450 licentiam
1174 2368 1262 2446 elle:
1296 2397 1313 2446 r

168 2495 172 2504 '
219 2515 223 2526 ¹
274 2483 483 2587 putandum
499 2485 565 2572 est,
596 2487 634 2562 in
655 2481 770 2562 libera
795 2487 1088 2586 republicealiis
1113 2487 1234 2564 modis
1262 2509 1306 2562 ca

208 2688 211 2699 .
273 2605 357 2678 t'um
379 2597 501 2693 fuiilc;
532 2614 568 2676 et
581 2602 703 2698 primo
717 2599 868 2700 quidem
885 2601 960 2677 hoc
983 2597 1082 2700 ipso,
1116 2599 1241 2704 quod,
1268 2623 1322 2672 vn

271 2715 412 2812 cuique
430 2737 451 2810 e
472 2715 616 2810 populo
638 2713 828 2800 accusandi
853 2713 1007 2813 potestas
1022 2713 1110 2801 epar
1123 2707 1194 2812 s):
1242 2735 1301 2811 qu

272 2828 314 2902 in
333 2827 396 2901 tali
415 2827 562 2901 ciuitate
583 2825 691 2902 latius
717 2841 839 2926 patere
856 2827 1016 2926 plusque
1039 2825 1188 2906 effenus
1211 2826 1317 2902 habe

225 2937 235 2946 '
266 2935 481 3038 ‚putandum
507 2939 577 3043 eii,¹
616 2938 930 3048 qnandoquidem
947 2939 1171 3040 reipublicae
1195 2939 1321 3017 salute

272 3075 295 3130 a
313 3075 398 3154 cura
412 3053 471 3136 lua
490 3073 603 3129 nemo
618 3054 773 3130 alienam
790 3051 859 3129 eise
874 3054 1015 3147 censet3
1045 3069 1082 3130 et
1097 3077 1191 3146 unus
1208 3056 1322 3130 ciuiu

273 3167 434 3266 qumque
454 3168 491 3243 in
514 3165 660 3244 iudicio
681 3167 834 3266 publico
860 3183 1035 3268 tanquam
1065 3168 1179 3246 iudex
1205 3169 1299 3245 sede

274 3292 312 3357 ct
333 3279 544 3380 suffragium
562 3279 711 3358 ferebat.
761 3277 874 3360 Erant
891 3306 1004 3384 porro
1020 3281 1266 3382 nagistratus,
1297 3307 1328 3383 qt

293 3583 297 3591 .
330 3551 377 3636 f)
395 3549 540 3616 Refertur
554 3553 638 3616 enim
655 3550 718 3620 hoc
734 3555 785 3620 vel
801 3556 934 3621 maxime
960 3555 1041 3622 inte'r
1060 3575 1113 3632 ea,
1138 3575 1220 3640 quae
1241 3555 1328 3642 iudi

383 3635 502 3720 publici
520 3638 681 3700 notionem
710 3640 914 3711 constituent,
943 3638 1026 3722 quod
1044 3641 1254 3724 unusquisque
1272 3661 1294 3701 e
1318 3645 1328 3724 p

238 3747 241 3758 ν
381 3718 455 3801 pulo
477 3715 617 3801 accusare
633 3725 738 3808 potest.
781 3722 968 3788 Diseellltin
985 3725 1209 3790 hocameute
1235 3735 1276 3786 et:
1311 3735 1328 3792 u

383 3805 596 3868 tioneiudlcil
613 3805 730 3888 publici
749 3805 853 3882 Sulla,
876 3803 928 3892 qui
948 3809 1147 3895 quaestionem
1169 3807 1208 3871 de
1223 3797 1328 3869 inimi

381 3885 533 3963 instituit,
558 3903 618 3972 qut
641 3889 688 3968 (ν’.
709 3889 859 3973 disputata
879 3911 930 3972 ep.
949 3911 1006 3954 van
1031 3894 1087 3966 der·
1108 3891 1205 3976 Hoop
1225 3913 1259 3954 v.
1279 3917 1321 3956 (τ.

327 3975 331 3988 ’
384 3971 715 4065 oro.)uorrcuiquee
738 3975 853 4057 populo
878 3977 949 4038 data
968 3973 1012 4038 eli
1037 3976 1222 4050 accusatim'
1246 3997 1322 4039 uer

384 4051 461 4116 uilio
482 4058 622 4136 competit
632 4058 660 4118 ei
673 4057 724 4138 qui
736 4053 1065 4144 paffusefliniurinm.
1097 4059 1216 4124 Contra
1235 4059 1274 4120 in
1300 4085 1324 4122 a

382 4154 461 4222 quae
476 4141 514 4202 ati
531 4141 676 4204 iniuriam
690 4145 843 4224 priuatam
864 4143 882 4206 s
915 4140 1056 4212 urbane.
1084 4156 1118 4206 vt
1139 4145 1173 4208 in
1196 4143 1328 4218 adulte

381 4221 523 4303 1.1ntra,
543 4225 664 4291 deferre
677 4226 795 4292 crimen
815 4227 858 4293 lic
897 4236 930 4294 at
953 4227 1153 4311 aciemquee
1169 4228 1328 4316 ciuibus

789 4370 791 4381 .
1040 4389 1044 4408 Ι
1327 4329 1328 4414 i

241 4520 303 4562 ,Γ

855 4497 858 4504 ,

521 4565 523 4576 l

360 4599 372 4622 o
669 4593 677 4606 “
894 4589 901 4602 “

892 4621 897 4632 Ι
1008 4629 1010 4634 v

1133 4647 1138 4658 Ι

1104 4663 1110 4670 ,

442 4681 448 4688 “
597 4696 599 4699 .
854 4683 871 4700 ἶ.
1095 4697 1097 4699 .
