2644 4746
183 339 199 412 ⁴.
233 284 315 388 104
378 211 576 383 Certamen
604 189 891 358 litterariam.
913 257 1167 356 LXXXIX
1212 267 1215 279 '

345 473 562 553 ¹lllleminillis
578 469 1021 573 enin‘quemadmodum
1037 467 1207 546 ornn'innr
1226 460 1302 567 pol

200 643 207 662 ,
235 586 410 708 polorum
428 610 530 662 more
547 603 735 684 receptum
752 587 821 672 cll,
851 597 891 662 rt
913 601 975 664 aut
997 583 1207 666 venerando
1234 597 1301 657 aut

236 701 467 798 deprecando
485 703 628 776 nlrrnini
646 701 723 776 dies
741 697 922 778 sollennes
945 720 987 775 ac
1011 697 1090 774 festi
1112 696 1183 772 fint
1204 719 1301 771 con-

235 815 369 900 stituri,
397 815 444 889 ita
467 837 550 890 cum
567 815 623 890 his
638 815 733 912 apud
756 811 917 890 Graecos
942 824 978 888 et
1001 800 1189 888 Romanor
1213 811 1302 884 reli-

87 979 106 1038 g
235 931 391 1027 gionum
410 925 495 1004 loco
512 926 656 1004 habitos
679 925 747 1004 elle
763 925 872 1002 ludos
889 939 926 1001 et
942 927 1147 1003 certamina.
1208 921 1298 1013 Qua

236 1039 387 1140 quidem
410 1043 582 1138 reprimo
600 1040 767 1141 adspectu
790 1039 882 1116 nihil
898 1040 1013 1128 videri
1036 1037 1154 1137 porell
1177 1041 1299 1132 magis

61 1147 66 1159 “
187 1157 208 1210 ,⁸
235 1177 256 1246 a
280 1152 432 1230 consilio
461 1167 497 1228 et
522 1158 669 1232 ratione·
684 1153 889 1230 abhorrere.
915 1187 917 1202 =
950 1152 1053 1246 Quid
1078 1147 1203 1226 enim?
1232 1174 1301 1247 po-

209 1245 216 1278 *
234 1277 434 1342 rueruntne
450 1266 617 1343 homines
634 1281 759 1364 putare
777 1289 915 1346 numen
935 1265 1102 1343 deletlari
1118 1259 1298 1339 ludorum

67 1417 94 1438 κ
235 1369 1301 1480 apparatu,quonesapientiorquidemquisquammagno-

232 1515 323 1598 perc
345 1495 549 1569 contactum
566 1494 715 1572 habebit
729 1492 918 1570 animum?
949 1490 993 1570 ln
1011 1494 1114 1590 graui
1131 1514 1224 1568 vcro
1244 1514 1300 1566 ca-

189 1667 195 1674 .
233 1606 413 1693 innitare,
433 1628 544 1704 quam
562 1608 715 1684 deornm
735 1611 786 1682 ira
800 1603 988 1684 immiliam
1008 1607 1062 1682 illi
1087 1605 1299 1688 credebant.

233 1731 299 1801 aut
316 1719 353 1794 in
371 1741 584 1816 magnarum
602 1743 723 1798 rerum
741 1720 1046 1820 luioipiendarurn
1074 1719 1301 1818 primordiis,

235 1831 286 1919 ads
310 1831 486 1912 deosllibl
509 1836 692 1933 propitios
724 1834 950 1922 reddendos,
985 1833 1143 1909 aditam
1165 1852 1297 1906 eorum

188 1987 202 2018 ι,
235 1945 470 2046 placandam,
525 1947 570 2022 ad
596 1947 691 2024 mala
722 1948 943 2034 auertenda„
985 1945 1074 2046 quid
1106 1944 1299 2043 expectare

234 2071 428 2158 potuerela
444 2058 619 2138 ludorum
636 2059 887 2137 sollennibusl
907 2058 1056 2144 Constat
1077 2073 1199 2136 tamen
1220 2059 1298 2132 satis

233 2173 331 2254 inter
347 2195 487 2256 omnes.
513 2197 654 2250 morem
672 2173 777 2250 istum
797 2197 872 2248 non
893 2196 969 2250 vno
986 2174 1024 2248 in
1045 2171 1202 2272 populo,
1221 2195 1299 2245 non

207 2362 211 2368 ,
235 2304 307 2362 vna
322 2299 437 2364 aetate
455 2283 614 2383 viguille.
676 2287 783 2386 Apud
803 2285 995 2390 Romanos
1010 2286 1174 2386 quidem,
1192 2284 1298 2360 clade

234 2393 275 2476 iri
294 2398 394 2474 bello
411 2415 577 2500 accepta,
607 2402 693 2478 anni
711 2401 910 2498 pcllilentia
931 2385 1096 2501 caelique
1118 2401 1299 2496 intempe-

234 2513 288 2588 rie
310 2513 467 2588 vallante
482 2533 609 2610 agros,
642 2515 706 2590 arit
724 2515 762 2588 in
779 2513 1004 2592 ostentorum
1023 2513 1298 2612 procuratione,

234 2627 381 2721 quoties
397 2623 613 2723 supplicatio
632 2627 775 2702 decreta
792 2623 928 2704 efferet
946 2625 1229 2714 letlillernium,
1246 2625 1300 2697 in-

234 2735 350 2812 dittor
367 2739 533 2814 videmus
549 2739 657 2813 ludos
677 2737 735 2814 seo
752 2739 926 2816 circenses
946 2739 1007 2817 seu
1023 2737 1207 2828 scenicos,
1240 2737 1300 2811 ali·

235 2849 389 2947 quando
418 2853 525 2926 etiarn
559 2873 699 2926 munusx
723 2842 994 2949 gladiatorium.
1070 2849 1114 2930 ln
1146 2848 1300 2928 Graecia

163 2957 166 2965 ’
232 2975 463 3048 autemeam
489 2961 732 3061 religionibus
757 2977 794 3040 et
820 2965 926 3042 iactis
947 2966 1101 3044 deorum
1126 2963 1300 3040 sollenni-

126 3128 147 3152 .»
234 3075 304 3150 bus
325 3075 520 3162 coniuntia
545 3075 648 3152 inille
672 3079 890 3167 certamina,
928 3101 947 3154 a
971 3103 1009 3154 re
1032 3099 1187 3176 quoque
1207 3077 1301 3152 sacra

106 3244 107 3253 a
235 3186 347 3275 oilla,
374 3193 458 3286 quis
474 3187 644 3286 ignorati
672 3189 756 3281 Qua
775 3191 922 3272 tandem
940 3194 997 3266 via
1016 3205 1052 3266 et
1073 3192 1228 3278 ratione,
1243 3190 1299 3264 sen

236 3319 314 3400 quo
328 3303 535 3379 animorum
550 3326 673 3380 errore
691 3315 728 3378 et
744 3308 1000 3386 occaecatione
1024 3325 1169 3384 morem
1192 3305 1299 3384 istum

189 3439 190 3444 ¹
235 3425 425 3514 receptum
445 3414 515 3492 elle
533 3417 768 3515 putabimus?
1133 3417 1137 3426 ’

347 3637 494 3718 Scilicet
509 3640 732 3739 religionum
751 3655 787 3716 et
799 3620 979 3718 sacrorum
991 3641 1195 3741 primordia
1213 3666 1297 3735 ‚corn

234 3749 341 3828 alian
362 3752 564 3830 calamitate
582 3755 728 3853 publica
746 3767 808 3831 aut
825 3756 1005 3832 malorum
1024 3760 1297 3834 imminentium

235 3875 337 3940 metu
353 3863 422 3940 irnt
436 3869 653 3966 repetenda,
680 3867 781 3952 fuere
804 3867 891 3956 alia.
920 3889 1049 3968 quara
1071 3873 1178 3948 rebus
1198 3871 1296 3944 laetis

179 3997 181 4007 ’
234 3989 272 4056 et
289 3973 469 4058 hilaritate
483 3981 632 4082 publica
650 3976 913 4084 procellerent3
936 3983 1051 4084 inque
1074 3983 1130 4060 his
1157 3983 1295 4064 saltatio

831 4123 833 4134 ·
1210 4119 1293 4173 curn
