2644 4746
86 329 94 392 7
191 221 256 402 qo.
357 218 393 256 l*
438 277 502 428 Ol
535 295 662 436 recup.⁸
697 274 859 390 valetud.
895 275 1016 446 liegii
1053 291 1094 406 ι’

190 501 347 577 caturet
365 486 475 564 lellus
495 453 592 601 dies,
628 508 705 585 quo
728 489 766 564 in
792 452 1056 586 gratulationes
1079 500 1117 564 et
1138 489 1256 568 accla-

150 607 371 684 1mationes
399 599 548 683 effusam
582 599 753 682 laetitiam
787 603 949 678 testatam
982 601 1100 680 facere
1132 603 1253 682 liceat.

17 729 31 792 ¹,
80 791 91 810 ,
170 717 348 810 Quanto
368 727 488 792 autern
506 715 622 812 magis
639 714 677 791 id
695 715 813 791 facere
835 715 1119 793 consentaneum
1147 718 1196 794 eii
1212 721 1254 793 in

59 911 61 914 ,
113 851 122 908 ·,
187 841 324 908 euentu
344 830 629 905 ornniunr'uotis
660 827 956 930 exoptaniimoi·
987 841 1064 906 tunr
1092 832 1255 920 intanta

100 1005 102 1014 .
132 951 136 960 “
185 944 396 1021 laetantium
416 941 669 1030 eonsensone,
685 945 725 1018 in
747 943 815 1024 hac
829 942 985 1020 laetitiae
1003 943 1179 1054 publicae
1191 968 1256 1020 au·

155 1147 158 1150 ,
186 1057 369 1143 sturitate,
394 1058 433 1131 in
457 1056 546 1144 hac,
585 1069 624 1134 ut
646 1046 730 1132 ante
748 1073 814 1156 pet
839 1079 990 1133 omnem
1013 1054 1252 1147 Britanniam,

52 1185 55 1192 ’
183 1173 234 1247 ito
251 1165 351 1247 nunc
365 1167 712 1269 perBruniuicenses
728 1171 1155 1277 terrasgratulationein
1170 1195 1253 1248 eos-

38 1354 41 1362 ,
83 1297 89 1308 ’
150 1284 269 1368 ,sdem
289 1285 365 1362 dies
382 1283 533 1360 inditia!
574 1281 679 1376 Quid
697 1279 820 1359 enirn?
847 1284 984 1361 cunslis
1003 1284 1152 1384 publice
1173 1291 1253 1384 pri-

27 1455 48 1466 ,
179 1401 370 1496 latiorque
388 1396 520 1496 gaudia
535 1420 626 1474 voce
643 1391 875 1484 testantibus.
902 1395 1091 1486 Mosasne,
1112 1400 1250 1497 quibus

68 1517 96 1548 κ’
183 1511 374 1612 eloquium
406 1507 566 1588 'artibus
621 1509 826 1609 litterisque
879 1510 1086 1608 expolitum
1136 1512 1252 1588 debe-

166 1637 261 1726 ¹tur,
314 1624 460 1702 decebit
487 1622 555 1702 else
584 1623 776 1722 elingues?
843 1619 1021 1724 Erumpet
1057 1647 1250 1718 verolvox

179 1739 320 1834 nustra3
350 1739 544 1816 audientur
568 1739 681 1815 laetae
702 1735 982 1817 acclamationes
1006 1739 1148 1837 pietatis
1167 1737 1249 1816 ien-

85 1907 87 1924 .
116 1883 123 1892 ·
178 1829 258 1930 surln
274 1855 312 1929 in
338 1850 464 1934 Deum
484 1850 532 1930 O.
552 1849 606 1928 M.
626 1863 664 1928 et
690 1851 823 1927 amoris
843 1850 1010 1928 assedam
1034 1853 1073 1926 in
1102 1850 1249 1951 Regem

99 2044 103 2062 ,Χ
177 1970 276 2044 votis
291 1967 420 2052 nolitis
442 1965 626 2045 redditum
643 1963 882 2052 testificantes,
900 1967 1021 2062 primo
1046 1963 1151 2041 sacris
1173 1965 1250 2042 sol-

79 2096 82 2104 '
149 2167 154 2188 x
176 2082 348 2158 leonibus
366 2083 404 2156 in
428 2079 526 2156 diem
551 2079 778 2155 dominicum
800 2077 1245 2186 indidimtuur‘crailino

174 2194 235 2272 die
253 2213 388 2304 pompa
408 2197 448 2270 in
467 2193 646 2292 templum
664 2193 913 2308 alcademicutn
929 2191 1113 2280 ducenda,
1131 2215 1247 2292 quam

145 2303 149 2308 ’
177 2311 400 2407 οτηειὴιιηῐ,1
434 2309 605 2407 precibus
633 2307 763 2387 nolitis
793 2307 952 2394 exorati,
1008 2320 1052 2396 nt⁸
1074 2289 1178 2382 nouli
1201 2329 1248 2384 ac

20 2465 27 2472 ·
85 2487 87 2496 .
176 2421 336 2499 sollenni
398 2421 594 2522 splendore
643 2419 874 2494 illustrabunt
927 2411 1243 2498 SERENISSIMI

12 2481 58 2570 '.
135 2513 397 2633 uticum
441 2517 770 2612 nnrtnuuns
793 2529 1072 2622 rnrucrrns,
1124 2533 1246 2611 ermae

44 2732 47 2741 ,
146 2639 151 2656 ’
182 2647 366 2748 Georgiae
390 2647 570 2746 Augustae
591 2647 756 2735 alumni,
800 2649 972 2746 pietatem
999 2646 1098 2723 suani
1124 2647 1252 2724 scilili-

86 2762 89 2774 ’
174 2777 299 2840 cantes
315 2775 465 2861 recepto
483 2783 530 2838 ex
556 2762 661 2859 graui
685 2759 819 2836 morbo
838 2759 983 2856 Parente
999 2759 1251 2864 Augustiffimo,

65 2971 68 2984 .
175 2868 452 2973 incendentque
468 2874 540 2950 hoc
556 2863 637 2972 ipso'
650 2871 806 2948 laetitiae
817 2873 945 2972 piacet
959 2873 1147 2982 religiosae
1165 2865 1251 2961 talu.

176 3009 289 3088 quarn
306 2988 468 3086 auspicio
490 2989 633 3064 animos
648 2988 817 3063 omnium
841 2986 1016 3075 vestrum,
1050 3002 1252 3088 quotquot

74 3087 76 3098 '
178 3103 347 3192 aderitis,
377 3099 508 3190 Ciues,
539 3099 708 3202 Hospites
726 3099 1252 3213 etAduenae.,xsauebitisque

76 3233 80 3238 '
136 3257 140 3267 =
176 3205 279 3320 votis
294 3216 424 3322 nolitis
442 3237 511 3315 pro
533 3213 710 3316 firmanda
738 3228 775 3290 et
797 3214 1069 3292 corroboranda
1100 3217 1251 3294 valetus

19 3333 22 3344 '
175 3327 264 3406 dine
280 3351 423 3429 proque
442 3329 697 3411 incolumitate
714 3343 889 3428 perpetua
914 3323 1026 3428 Regis
1052 3329 1165 3406 nostri
1182 3329 1254 3408 ln-

59 3447 66 3455 ‘
84 3491 96 3506 «
175 3441 456 3542 dulgentilsrmi,
474 3457 510 3518 et
526 3465 594 3542 pro
609 3443 782 3519 felicitate
797 3465 839 3518 ac
855 3440 1092 3542 prosperitate
1110 3444 1251 3535 stabili,

86 3566 88 3577 ⁴
174 3557 331 3662 periplo
351 3555 531 3634 malorum
551 3557 801 3656 experimenta
822 3540 992 3646 lundata,
1017 3555 1183 3656 Reginae
1205 3572 1254 3634 et

173 3667 475 3768 SobolisRegiae
494 3669 735 3770 suscipiendis.
767 3669 925 3747 Praeibit
947 3671 1055 3746 verba
1075 3681 1121 3746 ex
1137 3695 1253 3749 more

86 3826 96 3841 a
138 3805 140 3810 ’
173 3778 417 3898 Eloquentiae
440 3783 621 3860 l’roselsor
649 3784 739 3860 Cir.
773 3783 817 3862 G.
848 3783 1016 3886 Heyne,
1061 3807 1174 3898 quern
1205 3803 1257 3864 vt

172 3897 336 3974 senentes
354 3901 578 3998 propiusque
605 3898 733 3973 audire
759 3911 796 3972 et
819 3901 992 3995 pompam
1020 3901 1180 3976 noiiranr'
1201 3923 1258 3978 ae

170 4013 314 4112 pietatis
323 4010 488 4092 sollenne
507 4011 580 4090 huc
596 4009 792 4114 praesentia
808 4011 919 4088 vestra
939 4032 1073 4092 ornare·
1084 4013 1260 4113 dignum

178 4169 185 4180 ·
1001 4212 1004 4221 ,
1061 4151 1259 4229 aequoni-
