2644 4746
233 339 325 440 '124
374 329 429 472 1Ε
441 329 575 462 quillis
592 327 703 448 terris
718 282 904 444 maucipia
922 327 960 462 iu
978 307 1210 415 Graecorum

213 537 397 619 ·ritorunr
422 533 595 624 modulo,
639 535 717 612 iore
742 544 888 612 vontur
919 531 992 611 suo.
1069 527 1124 610 Ab
1148 531 1220 610 laac
1241 545 1297 606 to.

129 713 134 724 .
157 683 162 708 ·
185 659 188 668 ’
241 675 327 728 men
345 653 432 725 iuris
452 651 617 747 paritate,
636 650 837 724 imminuta
852 649 921 722 iam
936 671 1000 745 per
1016 646 1125 746 ipsam
1143 659 1293 722 naturae

239 763 371 840 sortem
396 762 653 862 inaequalem,
711 763 749 836 io
783 784 980 858 corporum
1010 763 1295 858 animorumque

239 879 451 962 arc-virium,
481 875 612 964 sexus„
636 877 775 958 aetatis.
803 897 954 973 operae,
981 872 1143 962 consilii,
1180 871 1294 972 impa-

236 991 372 1077 ritate,'
395 1013 471 1064 noo
493 1013 567 1064 vno
587 990 702 1066 modo
726 988 924 1082 receditur;
959 981 1069 1063 infert
1091 987 1179 1062 iuris
1195 989 1294 1060 inae·

238 1103 449 1202 qualitatem
479 1103 592 1180 statim
623 1102 695 1200 ipsa
714 1102 817 1178 sortis
841 1125 883 1180 ac
909 1101 1138 1205 fortunarum
1168 1099 1294 1176 moltis

236 1216 284 1292 de
300 1214 422 1292 cauffis
444 1233 525 1291 nata
543 1215 797 1315 inaequalitas,
828 1214 948 1324 multo
972 1216 1086 1312 magis
1102 1214 1293 1312 opulentia

236 1332 388 1426 eiusque
405 1353 547 1415 comes,
585 1330 696 1404 luxus
720 1351 943 1428 paucorum,
977 1350 1063 1404 cum
1089 1327 1292 1402 multorum

78 1402 95 1542 x*
118 1509 120 1516 .
235 1443 414 1542 egestate3
443 1466 553 1520 nemo
572 1447 670 1518 enirn
687 1443 804 1542 potest
823 1441 1009 1516 effundere
1025 1441 1062 1516 id
1085 1441 1188 1538 quod
1207 1464 1293 1518 ceo-

147 1629 151 1640 ,
235 1560 329 1634 terris
345 1557 483 1632 alendis
501 1554 665 1636 sufficiat.
690 1553 754 1630 nifi
770 1553 838 1630 srnt
851 1568 1001 1630 centum
1015 1554 1087 1641 alii,
1099 1557 1163 1654 qul
1179 1577 1293 1654 opera

191 1731 195 1748 .
236 1667 274 1748 el
294 1670 464 1748 iodollria
486 1669 546 1746 sua
568 1665 784 1744 tantundim
808 1667 1019 1758 facultatum
1041 1683 1189 1768 parent,
1219 1668 1292 1742 ¹vlo

233 1795 355 1859 tamen
373 1806 415 1858 ac
429 1782 548 1858 fruito
563 1781 859 1881 iplisiotercepto
872 1781 1128 1858 autsubdodo.
1161 1779 1294 1878 ltaque

121 1989 138 2002 μ
233 1910 274 1972 vt
296 1899 359 1971 vnl
378 1895 558 1994 opulento
580 1896 657 1972 latis
685 1895 745 1981 lit,
781 1909 956 1970 centenos
982 1919 1120 1994 egenos
1150 1894 1293 1972 nocella

233 2009 284 2084 est
299 2009 424 2086 deluo
439 2007 577 2107 aliquid
594 2011 837 2086 contribuere.
879 2007 970 2100 Quo
984 2008 1066 2108 ipso
1079 2031 1145 2107 per
1158 2031 1292 2084 ornnes

232 2123 413 2221 populos,
457 2127 564 2199 etiam
590 2123 741 2230 meliore
766 2120 943 2198 societatis
966 2123 1046 2198 iure
1075 2121 1292 2222 descriptos,

231 2235 363 2312 fallam
382 2238 441 2320 est,
452 2251 491 2312 vt
506 2237 732 2325 rusticorum,
744 2257 904 2334 quorum
916 2237 1038 2311 labore
1051 2250 1088 2309 et
1103 2255 1293 2333 prouentu

231 2348 472 2425 sustentantur
490 2375 618 2426 omnes
641 2351 720 2432 alii.
748 2348 912 2428 conditio
933 2350 1151 2447 plerumque
1165 2348 1210 2451 lit
1228 2350 1294 2423 de-

231 2465 343 2538 terior
359 2479 396 2537 et
414 2464 463 2538 ita
484 2464 557 2539 fere
574 2466 784 2550 constituta,
807 2477 865 2552 vt,
891 2461 1073 2560 denegato
1096 2461 1165 2552 sois
1190 2463 1249 2560 ips
1278 2511 1292 2526 .
1320 2525 1321 2532 a

229 2600 311 2652 rum
324 2576 441 2652 vsrbus
457 2599 589 2676 operae
608 2577 923 2675 lrutlu,proueotu
938 2579 1017 2674 agri
1031 2591 1093 2651 aot
1108 2596 1239 2652 uranus
1257 2591 1296 2652 et

228 2689 421 2766 industriae
439 2690 537 2766 alant
553 2693 643 2768 alios
659 2690 795 2766 deficies
810 2691 967 2790 etsruger
983 2689 1161 2792 corrsomrre
1180 2705 1292 2768 notor.

338 2913 386 2990 At
400 2914 500 2989 eoior
514 2913 559 2988 ab
573 2911 629 2990 his
645 2912 782 2989 alienae
799 2937 931 3014 operae
946 2912 1081 2993 sautius
1094 2914 1295 2992 ablumen-

227 3027 326 3102 tibus
354 3025 446 3102 fucit
470 3043 611 3100 mature
634 3027 856 3104 intelletium
883 3029 950 3114 cll,
984 3033 1137 3104 maiorem
1160 3027 1219 3132 effe
1243 3055 1293 3107 ex

228 3159 340 3233 opera
361 3141 500 3215 oliorum
522 3157 763 3238 prouentum,
791 3144 816 3237 fi
836 3145 875 3216 iit
889 3143 970 3216 orarit
982 3147 1112 3217 omnino
1126 3171 1169 3218 ex
1182 3173 1222 3219 eo
1241 3174 1293 3218 re·

227 3251 413 3343 linquatur.
452 3251 501 3326 ita
520 3265 557 3326 vt
573 3255 693 3326 omnis
715 3251 849 3327 froilas
874 3255 919 3330 ad
939 3278 1052 3332 vnum
1068 3257 1194 3337 redeat
1221 3259 1295 3334 do·

226 3363 389 3438 minum:
417 3363 711 3461 ita,poubabitis
729 3369 901 3461 operariis
916 3367 1099 3445 tolerabili
1114 3373 1293 3446 mercede

224 3471 496 3560 ¹conducendis.
517 3478 555 3550 io
577 3477 673 3564 vita,'
695 3479 802 3552 etiam
819 3482 982 3556 moribus
998 3505 1040 3558 ac
1055 3482 1204 3579 legibus
1223 3511 1293 3560 ex-

225 3585 342 3670 culta.
370 3601 432 3664 aut
454 3601 535 3662 nata
557 3588 605 3662 eli
624 3589 775 3667 seruitus
790 3606 852 3668 aut
873 3592 992 3681 antia,
1032 3611 1071 3670 vt
1088 3601 1127 3671 io
1144 3596 1295 3674 Roma·
1316 3643 1317 3650 κ

224 3693 358 3776 norur'n
385 3713 422 3776 et
440 3697 711 3776 Athenienlium
737 3706 845 3780 rebus
867 3705 1104 3803 florentibus;
1143 3711 1194 3784 ita
1217 3713 1294 3788 Ni·

223 3813 338 3910 gtitae
367 3812 406 3886 in
431 3809 605 3908 plantaria
630 3811 1316 3919 lamatcaealiarumqueinsularum1

223 3922 361 4002 indulti
387 3921 488 4008 lunt.
536 3941 574 4002 at
599 3923 743 4002 lucrum
773 3925 856 4004 ellet
879 3945 981 4008 tanto
1010 3939 1146 4023 maius,
1204 3962 1292 4036 quo

223 4059 361 4116 merces
397 4057 531 4138 operae
568 4053 632 4116 aot
667 4043 800 4138 exigua
839 4058 903 4120 aut
946 4047 1050 4125 nulla
1085 4048 1179 4126 effer
1214 4054 1295 4128 sol-

1159 4167 1292 4243 venda

1298 4413 1314 4693 l
