2644 4746
140 269 145 278 Ι
222 347 305 442 106
323 277 335 300 a
366 343 564 460 Οιιιιιιιιιιι
593 343 819 438 litterarium
845 373 881 434 u.
900 337 1161 464 LXXXIX.

217 555 380 632 alienum
399 549 468 629 elle
484 553 599 652 potest
620 573 730 653 qnam
751 577 771 632 a
787 553 1038 654 religiosorum
1060 549 1194 630 rituum
1210 556 1277 630 tri

221 665 312 744 stitia
327 681 363 744 et
380 665 538 779 lugubri
551 665 663 744 cultu.
722 665 766 744 ln
788 671 891 744 variis
912 681 1032 746 autem
1059 666 1130 742 illis
1163 679 1275 743 certa-

217 784 363 859 minum
380 793 416 856 et
432 769 605 856 ludorum
620 784 815 880 generibus
842 781 910 858 alia
935 783 1014 857 aliis
1043 779 1149 856 facile
1174 803 1276 879 prae·

221 895 314 970 feras
339 893 396 970 vel
423 895 627 992 postponas.
697 893 878 996 Gymnica
904 896 1119 982 certamina,
1155 893 1273 969 curlus

223 1008 474 1084 etlnltationis
500 1007 658 1098 ludicra,
701 1009 784 1109 quis
816 1033 892 1086 non
918 1008 1015 1086 ludis
1036 1005 1183 1084 scenicis
1208 1009 1274 1082 vti·

221 1121 311 1197 liora
330 1121 481 1206 iudicet,
516 1123 683 1220 inprimis
708 1122 753 1199 ad
778 1143 932 1222 corpora
951 1122 1073 1219 plebis
1106 1117 1276 1218 lingenda

107 1281 116 1294 .
219 1255 261 1309 ac
281 1235 506 1324 roboranda,
524 1239 741 1333 animosque
757 1234 855 1312 lenlu
876 1237 1002 1334 aliquo
1021 1233 1192 1346 solutiore
1208 1236 1276 1310 inr-

98 1367 113 1429 1‘
219 1348 397 1423 busndos.
430 1345 557 1456 ltaque
569 1347 660 1424 nihil
676 1349 1109 1448 forteercogitaripotuit
1122 1345 1279 1422 adrulli·

219 1483 281 1538 cae
293 1462 410 1560 piebis
421 1463 563 1538 animos
574 1465 720 1562 ιοιροιι
730 1461 815 1539 ιιιιίι
826 1478 861 1538 et
877 1463 1025 1562 stupori,
1036 1483 1111 1560 quo
1124 1459 1275 1548 hebent,

215 1574 442 1658 addicendos
459 1571 651 1664 efficacius,
682 1597 791 1674 quam
807 1574 832 1651 ιι
847 1599 911 1684 per
929 1578 1005 1652 dies
1026 1574 1169 1650 festosa
1186 1574 1278 1650 cho-

207 1682 289 1776 *tels
314 1703 360 1765 et
366 1688 521 1766 ludisne
546 1689 775 1766 interdictum
793 1691 851 1765 ιιι.
910 1687 1076 1766 Tardos'
1066 1689 1223 1785 tngeniis
1240 1699 1278 1762 et

219 1791 351 1878 bardus
362 1800 435 1877 elle
451 1805 533 1900 quis
548 1806 700 1878 miretur
717 1805 857 1878 ιιοιιιοι
879 1803 1074 1900 agricolas,
1115 1823 1277 1899 quorum

153 1935 159 1944 ’
188 1955 191 1966 ·
217 1937 372 2014 corpora
396 1915 501 2034 nullo
519 1933 622 1991 motu
640 1915 780 1991 liberali
797 1919 971 2005 exercita,
996 1915 1123 1991 labore
1140 1911 1280 1990 affiduo

216 2013 457 2138 incuruantu'r
473 2043 509 2102 et
524 2028 763 2106 indurantur?
793 2031 874 2129 quis
888 2031 1039 2106 miretur
1059 2051 1122 2103 eos
1139 2027 1280 2124 obllipa

217 2145 379 2230 ceruice,
407 2139 525 2239 grellu
541 2143 763 2230 testudineo
794 2162 858 2218 ore
876 2142 1038 2240 stup1d0
1078 2141 1278 2216 incedere?

192 2253 338 2353 ‘Atqui
350 2251 637 2332 animaduertere
655 2255 762 2344 licet
790 2255 847 2331 vel
874 2255 954 2356 ipius
974 2255 1190 2341 militaribus
1216 2255 1282 2330 de-

152 2395 155 2406 ·
216 2368 377 2464 cursibus
399 2385 434 2444 et
447 2371 787 2452 exercitationibus.
817 2367 886 2445 etit
896 2370 969 2444 ad
957 2365 1194 2494 ingeniorum
1214 2391 1281 2442 ex-

131 2569 146 2588 n
212 2457 473 2582 poliendorum
494 2486 651 2558 rationes
668 2483 794 2588 haud
783 2483 965 2570 inuentis
982 2503 1136 2580 corpora
1153 2495 1280 2556 tamen

214 2595 259 2670 ad
288 2595 486 2694 agilitatem
516 2585 670 2684 inflent,
710 2580 746 2673 et
769 2619 852 2674 cum
872 2597 1089 2694 corporibus
1112 2595 1231 2692 fingi
1222 2617 1281 2668 tn-

133 2727 138 2734 ·
159 2789 165 2806 ,
213 2707 320 2810 'genia
340 2709 616 2808 quodammodo
634 2723 671 2785 et
686 2711 775 2785 acui
835 2707 963 2808 ltaque
982 2710 1113 2808 partim
1138 2707 1284 2784 exhila-

212 2823 335 2896 randis
356 2823 503 2896 illorum
526 2821 720 2898 hominum
746 2823 894 2911 animis,
935 2825 1064 2920 partlm
1093 2823 1199 2896 omni
1223 2820 1284 2894 lu-

175 2987 177 3000 .
215 2923 367 3010 dorum.
382 2955 517 3030 genere
542 2923 722 3032 fingendis
745 2939 983 3034 corporibus,
1028 2943 1213 3034 quantum
1240 2935 1285 3008 in

185 3043 475 3125 ‘humanitatem
506 3047 723 3128 beneficium
749 3049 908 3126 conferri
933 3045 1163 3150 putabimus!
1196 3055 1197 3060 '

321 3269 381 3349 ,Ειι
401 3273 456 3350 his
480 3276 623 3374 itaque,
665 3299 759 3376 quae
788 3276 878 3352 dina
907 3273 1007 3364 lunt,
1041 3276 1285 3352 mirationem

210 3409 268 3465 res
287 3385 405 3462 faeere
424 3411 500 3466 non
518 3389 638 3477 debet,
657 3388 682 3464 fi
706 3389 815 3466 ludos
833 3403 869 3466 et
884 3391 1080 3466 certamina
1098 3403 1286 3488 tanquam

210 3521 288 3575 rem
311 3500 534 3596 diis-gratam
552 3505 646 3577 inter
662 3502 859 3601 religiones
882 3503 1006 3578 referri
1029 3519 1065 3578 et
1091 3505 1129 3578 in
1151 3505 1285 3589 rebus,

211 3611 405 3712 quiburad
429 3613 642 3710 placandam
659 3619 822 3692 nunrinis
848 3619 937 3692 iram
960 3627 1023 3690 aut
1040 3616 1085 3691 ad
1110 3617 1289 3711 eiusmo-

206 3725 390 3802 luntaten‘t
405 3723 470 3802 fibi
488 3731 682 3826 propitiam
699 3729 922 3826 reddendam
939 3741 1136 3818 uterentur,
1151 3729 1289 3806 haberi

102 3919 103 3933 Ν
210 3839 387 3915 videmus.
448 3837 506 3918 Ell
523 3844 620 3916 enim
647 3843 720 3918 hoc
743 3841 1026 3920 consentaneum
1053 3831 1137 3920 curn
1160 3845 1288 3919 imbe-

209 3951 360 4028 cillitate
377 3955 510 4028 mentis
527 3954 726 4043 humanae,
760 3969 799 4030 vt
821 3955 981 4032 humana
1007 3957 1203 4032 admisceat
1230 3957 1290 4030 di-

174 4156 177 4174 ,
212 4067 328 4158 uinis,
368 4065 603 4170 aestimetque
627 4083 664 4146 et
687 4070 856 4154 metiatur
877 4069 1039 4148 numinis
1065 4069 1288 4153 affectiones

471 4223 474 4232 ι
1177 4208 1183 4232 ⁴
1237 4205 1293 4258 ex
