2644 4746
92 364 108 428 r
216 321 328 439 134'
362 295 559 441 E'yuibus'
579 310 959 450 rerrllmancipiain
978 255 1218 410 Graecorum·

224 529 455 630 Nigritarirm
472 528 521 604 ira
538 523 761 610 defenduut,
789 537 846 614 ut,
863 523 998 602 etiamn
1009 521 1292 624 ‚Europaeorum

106 717 114 724 .
223 667 306 722 aere
322 642 384 730 illi
405 665 483 722 non
508 651 700 739 parentur,
742 640 846 716 dorni
867 655 988 716 tamen
1011 643 1051 714 in
1082 638 1297 716 seruitutem·

140 805 146 820 ·
207 825 210 849 ,
226 781 290 834 eos
305 755 451 836 detrudi
467 754 609 831 dicant:
640 755 734 831 reile
749 775 866 845 ucr03
894 775 963 830 nec
979 770 1099 828 tamen
1126 752 1289 828 adfutura

179 904 187 934 ι
228 867 340 949 client
355 869 505 945 aliunde
516 882 580 944 rot
595 869 766 944 auaritiae
782 865 1041 963 prouocandae
1051 849 1288 944 'irritamenta

106 1001 116 1016 “
224 971 298 1062 Ersr
317 981 505 1060 fatendum
525 980 595 1068 est,
624 976 868 1078 srEuropaei,
899 981 1001 1080 quod
1022 980 1228 1055 humanitas
1252 1001 1290 1055 ac

227 1096 352 1174 diuina
368 1093 530 1172 doilrina
545 1117 607 1170 eor
618 1095 737 1169 iacere
751 1095 912 1182 iubebat,
924 1094 1149 1170 lenitercum
1159 1093 1291 1190 ilsage·

181 1213 191 1228 ’
227 1215 328 1297 rent,
360 1178 498 1326 eoaqire
516 1209 614 1286 bona
629 1205 818 1305 disciplina
841 1221 878 1283 et
903 1207 1172 1283 institutione
1160 1229 1291 1304 imper

86 1344 89 1352 ·
202 1379 208 1392 .
227 1323 359 1410 urent
386 1343 625 1419 magnorum
642 1323 743 1398 bono
760 1318 905 1399 suoeoe
927 1323 1042 1422 patria
1065 1317 1216 1397 exulare
1239 1319 1291 1396 di·

70 1423 73 1436 ’
189 1423 368 1514 *candos
390 1433 458 1512 elie
475 1435 599 1512 videri.

162 1737 171 1748 ,
343 1659 564 1763 Praecipuus
588 1663 857 1762 mancipiorum
881 1674 1062 1740 mercatus
1085 1661 1156 1740 fnit
1178 1663 1215 1738 in
1240 1663 1293 1737 in-

193 1821 196 1824 ·
227 1773 307 1852 sula
325 1773 444 1852 Delo:
473 1799 649 1874 magnum
664 1793 702 1852 et
713 1777 931 1875 opulentum
950 1780 1155 1874 emporium
1171 1775 1293 1874 appel-

62 1875 82 2006 :
217 1889 284 1980 lat
300 1889 430 1968 Strabo
449 1885 575 1988 (Xl'V.
597 1913 630 1990 p.
645 1903 736 1985 985.
751 1883 846 1988 a),
876 1891 979 1990 quod
998 1913 1071 1966 vno
1087 1890 1147 2000 elie
1163 1891 1293 1990 myria·

225 2003 294 2080 des
311 2004 579 2100 mancipiorum
607 2005 769 2102 recipere
792 2006 915 2102 potuit
938 2020 974 2080 et
998 2004 1212 2095 amandare3
1247 2005 1294 2076 ita

231 2129 272 2191 ut
287 2117 486 2214 prouerbio
501 2139 651 2216 quoque
668 2117 828 2192 reniret:
858 2114 995 2194 Delum
1013 2115 1212 2218 appellere,
1234 2139 1293 2190 ex-

218 2251 373 2330 ponere
391 2229 635 2336 revendere,
666 2253 781 2308 vnum
807 2229 980 2338 idemque
1003 2227 1091 2317 elle,
1130 2251 1211 2306 vno
1236 2227 1307 2303 εο’

88 2385 96 2410 .
186 2381 190 2391 ·
233 2343 398 2448 demque
409 2358 600 2432 momento
625 2347 816 2442 negotium
836 2347 977 2444 peragi:
996 2341 1101 2420 Tam
1125 2335 1244 2420 facilus
1263 2355 1297 2416 et

232 2457 425 2554 expeditus
447 2472 522 2535 erat
543 2453 742 2535 mer'catus!
775 2455 946 2557 Exempli
965 2469 1086 2532 autem
1103 2457 1206 2546 loco,
1223 2479 1297 2554 quo

233 2567 584 2670 constet‚quomodo
601 2569 673 2648 ho'c
692 2585 870 2674 mercatus
890 2595 1007 2670 genus
1028 2569 1195 2646 exerceri
1217 2567 1297 2644 soli-

57 2784 59 2790 ,
121 2727 126 2748 .
202 2691 311 2763 'tum
326 2684 447 2772 fuerit.
458 2684 834 2764 commemorabimus
845 2679 1297 2784 naccestrauonefflv,

186 2831 188 2834 ·
232 2817 270 2896 p.
289 2809 379 2893 9842
402 2789 466 2893 5.).
526 2795 708 2896 Tryphon
729 2795 898 2874 aduersus
925 2795 1158 2874 Demetrium
1188 2795 1298 2875 Nica·

104 2901 107 2912 ’
178 2925 185 2949 “
232 2922 372 2998 torem,
399 2911 463 3006 qui
486 2909 573 3012 inde
592 2915 645 2986 ab
665 2933 764 2988 anno
779 2925 869 2987 ¹ante
886 2907 928 2988 C.
948 2911 999 2988 Ne
1023 2917 1108 3008 146.
1134 2932 1296 3009 ,regnum

233 3023 359 3122 Syriae
375 3037 638 3121 occupauerat,
670 3047 785 3102 nouas
809 3049 866 3101 res
887 3017 1059 3110 molitus,
1089 3021 1297 3108 Cornucio,

145 3129 155 3240 Ἰ
233 3137 337 3236 quod
357 3137 395 3210 in
419 3135 588 3216 confiniis
609 3133 759 3216 Ciliciae
774 3136 899 3218 verine
912 3135 1165 3238 Pamphyliam
1191 3137 1297 3246 filum

232 3250 527 3348 eratnppidum,
552 3247 702 3335 infolio,
736 3248 914 3328 Cilicibus
931 3265 968 3327 et
989 3249 1155 3330 finitimis
1177 3275 1299 3353 popu·

232 3363 303 3452 lis,
334 3377 372 3438 vt
387 3365 425 3438 in
449 3363 646 3464 praedandi
664 3363 870 3442 societatem
888 3367 1050 3449 coirent.
1092 3387 1297 3466 regumque

232 3475 366 3575 Syriae.
387 3478 453 3575 qui
471 3491 511 3588 et
527 3475 591 3576 ipfi
616 3478 722 3553 bellis
741 3477 917 3556 intestinis
937 3481 1175 3568 vexabantur,
1195 3501 1297 3556 curas

232 3589 465 3676 distinerent,
491 3605 528 3667 et
543 3589 755 3679 uconfiliia,
787 3599 881 3690 quae
902 3589 1061 3691 perfidus
1084 3593 1202 3670 horno
1225 3593 1300 3690 agi·

223 3705 355 3792 ,tahan
384 3693 626 3794 abducerent,
646 3703 770 3792 aullor
785 3705 864 3782 fuir
923 3702 1178 3804 Praedationes
1197 3729 1299 3806 prae·

32 3814 37 3839 *
174 3807 181 3828 ²
232 3821 341 3916 cipue
358 3821 628 3918 mancipiorum
645 3817 774 3911 iailae3
790 3841 873 3895 cum
892 3833 928 3894 et
945 3822 1153 3936 enportatio
1167 3819 1298 3903 facilis,

137 3939 141 3950 '
233 3930 366 4009 etvsus
388 3933 631 4010 eoruminter
659 3929 847 4018 Romanoa
871 3921 981 4010 e'ffet
981 3959 1147 4032 magnus.
1216 3930 1299 4008 Pars

219 4045 323 4123 'in
290 4045 447 4126 vicinam
462 4041 714 4157 Pamphyliam
733 4057 944 4150 exportata,
984 4064 1021 4126 et
1044 4049 1150 4128 Sidae
1174 4045 1298 4123 iorum

1133 4163 1300 4240 habitum
