2626 4738
231 321 333 438 346¹
438 316 537 414 ran
564 315 727 411 Senarus
752 307 919 466 Raram
945 337 1098 438 comeus
1165 423 1170 428 ,

146 547 150 554 ’
196 605 201 622 ,
232 523 351 606 cuine.
411 521 620 604 Domitiani
638 529 711 604 iam
734 526 841 604 occid
869 531 1083 632 memoriam
1110 527 1263 606 damnauit

82 637 83 646 '
204 669 209 676 ’
232 641 397 737 Senatus.
430 638 546 740 (Svee.
571 666 600 716 o.
618 635 719 746 ις.)
741 641 983 720 Restitutaest
998 645 1160 741 patribus
1176 643 1266 738 digni-

230 767 286 834 tat
305 769 341 832 et
357 755 545 833 audoritas
562 779 627 854 par
645 757 765 832 bonos
780 759 975 856 principes,
987 757 1162 843 Neruam,
1173 754 1269 831 Tnia-

63 861 81 881 ⁸
188 895 192 898 ·
230 891 337 957 num,
367 859 578 958 Adn'anum}
608 869 838 962 Antoninos3
866 873 999 948 iterum
1021 873 1207 956 imminuta
1223 892 1267 964 per

230 979 484 1062 commodum
494 1007 506 1075 3
551 982 663 1059 dubia
675 997 727 1060 et
758 983 933 1061 fluduans
964 985 1028 1062 sub
1055 986 1269 1084 principibus,

110 1119 114 1130 ·
230 1099 296 1196 qai
322 1121 407 1174 eum
433 1111 680 1196 exceperunt3
728 1099 919 1197 profligata
945 1104 1042 1176 eninr
1071 1123 1092 1174 a
1118 1099 1269 1195 Septimio

157 1243 164 1268 =
231 1211 388 1298 Seuero,
418 1209 621 1300 refocillata
638 1213 684 1287 ab
698 1211 934 1302 Alexandro,
960 1213 1159 1290 Maximini
1176 1228 1270 1311 tyran.

118 1349 122 1361 ·
228 1326 316 1402 uide
343 1322 526 1424 opprella3
575 1317 613 1400 in
643 1347 754 1426 quem
792 1326 975 1402 saeuiente
1007 1329 1117 1427 plebe
1145 1325 1271 1402 Senatus

228 1453 382 1538 repente
406 1441 458 1515 ira
481 1437 653 1516 efferbuit
671 1441 781 1527 adeo,
819 1453 858 1516 vt
878 1443 1022 1539 imperii
1046 1443 1185 1517 hostem
1208 1462 1270 1514 eun

226 1555 465 1664 renuntiaret.
520 1552 718 1632 Gordianis
736 1569 858 1632 tamen
880 1555 1005 1631 occisrs
1023 1579 1109 1632 cunr
1128 1553 1270 1631 Maxima

229 1681 266 1744 et
287 1664 461 1750 Balbino,
500 1667 551 1742 'ad
571 1667 760 1764 legionum
784 1671 975 1744 arbitrium
998 1672 1131 1746 iterum
1154 1667 1271 1766 imperii

116 1859 134 1874 ,
227 1777 418 1858 deferendi
434 1781 588 1879 potestas
606 1783 655 1858 est
667 1781 815 1879 relapsa
857 1779 1052 1859 Gallienus
1070 1783 1214 1858 tandem
1229 1781 1272 1855 Se·

224 1909 411 1970 natoresa
433 1895 650 1991 legionibus·
664 1895 857 1974 interdixit
877 1912 914 1970 et
935 1897 1103 1974 a⁰militia
1126 1895 1271 1982 exclusa

119 2039 132 2062 ,
203 2011 285 2116 'ita
302 2009 423 2090 omnis
440 2031 533 2108 resp.
553 2006 598 2083 ad
616 2007 810 2086 militarem
831 2011 1000 2088 ordinem
1020 2011 1091 2089 fuit
1115 2011 1269 2088 translata.

316 2191 453 2272 'Caeso
487 2199 538 2271 in²
560 2197 616 2271 via
651 2198 746 2272 inter
777 2195 994 2297 Byzantium
1020 2211 1056 2274 et
1078 2195 1270 2276 Heracleam

141 2363 149 2370 -
227 2303 427 2388 Aureliano
448 2303 503 2409 i),
530 2331 627 2385 noua
650 2307 717 2386 lui
736 2309 795 2386 seu
814 2311 990 2389 libertatis
1015 2313 1184 2410 pristinae
1204 2312 1270 2385 reci-

139 2489 148 2505 a
225 2423 383 2522 piendae
414 2423 474 2500 seu
499 2425 653 2522 'imperii
685 2427 917 2526 emendandi
936 2420 1077 2502 affulsrt.
1159 2421 1270 2504 Amilo

226 2539 325 2613 'eninr
349 2541 514 2638 principe
535 2539 676 2635 legatos
693 2540 807 2615 statim
827 2537 982 2615 Romam
1002 2539 1131 2617 misere
1150 2542 1271 2622 militer,

227 2655 277 2727 ull
286 2653 406 2755 suopte
421 2651 587 2728 arbitratu
606 2665 720 2750 patrer
736 2657 961 2752 imperatorem
978 2655 1165 2750 deligerlni.
1211 2653 1271 2753 Qui·

226 2763 303 2853 bur,
332 2767 392 2842 hoc
417 2769 561 2872 ipsorum
579 2769 776 2869 poliffimum
800 2773 966 2845 corruem're
989 2773 1127 2855 muniis.
1163 2771 1271 2870 respon·

226 2878 389 2964 dentibus.
419 2884 548 2984 rursum
571 2879 707 2980 legiones
733 2883 781 2959 ud
809 2909 859 2958 eor
882 2888 1039 2960 reficiunt.
1109 2887 1166 2961 Ila
1188 2887 1271 2957 virin-

225 3019 285 3094 que
298 2995 427 3102 pudore
446 3023 484 3070 at
503 2995 659 3098 modestia
678 2991 903 3072 decertabatur
926 3037 977 3052 —
1008 2997 1140 3076 landem
1156 2995 1270 3076 Seruius

51 3115 55 3123 ’
115 3181 124 3192 ,
225 3111 329 3208 nunfir
354 3114 478 3186 circiter
498 3113 572 3208 post
590 3109 765 3186 Aureliani
795 3115 959 3186 interilum
984 3113 1081 3216 sexto
1107 3113 1243 3192 Tacitum
1260 3135 1270 3180 r

90 3241 137 3306 .”
224 3223 449 3324 consularibus
461 3237 559 3302 creat.
588 3219 967 3325 (AurelViillmpp.
985 3249 1045 3319 35.
1064 3221 1151 3326 36.)
1183 3223 1269 3302 Vnde

120 3375 126 3386 ·
222 3331 313 3426 haec
329 3337 489 3414 militum
508 3337 682 3452 modestia
707 3337 866 3436 proserta
884 3338 944 3426 stt,
969 3363 1048 3416 non
1073 3343 1269 3424 edocemur;

223 3471 354 3550 parum
382 3454 481 3526 enim
508 3454 664 3556 idoneos
694 3453 884 3552 scriptores
919 3450 1053 3530 horum
1079 3469 1268 3555 temporum

222 3559 421 3668 habemus.
461 3575 584 3668 neque
615 3567 816 3667 quicquam
841 3569 887 3645 ab
913 3569 957 3646 iis
984 3577 1152 3657 accurate
1170 3587 1269 3758 Expo-

1149 3697 1155 3710 '
1197 3695 1266 3756 tum.

178 3905 185 3918 -
224 3891 228 3900 ·
280 3863 317 3945 i)
337 3859 488 3940 nCsan.
532 3863 581 3928 De
594 3865 656 3930 hoc
674 3866 845 3933 Aureliano
857 3869 982 3953 Vopisc.
994 3885 1044 3949 37.
1068 3871 1284 3934 sennensem-2

162 4003 188 4034 ,Ι
224 3971 246 4009 ,·
335 3953 395 4008 rem
413 3949 477 4010 eius
495 3951 643 4028 grauiter
664 3954 752 4024 tulit,
780 3958 914 4035 graneas
935 3965 1035 4018 tumere
1049 3955 1178 4040 populus
1202 3953 1266 4014 lun.

221 4067 226 4076 ·
338 4033 392 4116 ptri
411 4033 503 4114 uulgo
522 4033 659 4098 dicrbn't:
687 4039 914 4102 “Aurelirnum
931 4041 1143 4124 paedagogam
1160 4037 1213 4101 ess'e
1225 4035 1267 4096 Se·

67 4187 70 4198 ,
173 4119 180 4130 “
223 4153 228 4181 ι
338 4117 514 4182 natorum.''
564 4117 651 4184 Nihil
680 4135 835 4203 praeterea
857 4125 998 4197 additum
1032 4136 1154 4208 apparet
1172 4134 1263 4186 tamen.

340 4221 414 4267 eum
435 4201 595 4269 licentiam
613 4204 777 4308 hominurn
786 4209 894 4275 ,serula
907 4203 1136 4298 ¹compescuisse.
