2644 4746
216 321 296 396 102
359 287 568 444 sariuntur¹
582 282 811 448 'litterarium
840 318 875 380 a.
898 221 1081 382 LXllX
1080 285 1100 380 l
1106 285 1157 381 X.
1190 389 1193 396 ,

73 525 78 534 ·
128 517 132 530 '
214 505 295 581 tatia
311 525 351 582 ac
370 499 585 580 celebritatis
609 497 1091 577 momentumeicertamini
1108 503 1145 569 et
1164 490 1300 568 villoss

214 641 298 693 rum
315 616 413 694 laudi
431 639 475 690 ex
493 617 564 692 hoc
583 616 654 692 diei
672 633 709 689 et
725 611 943 689 sollenniuru
961 608 1154 707 splendore
1175 629 1297 682 acce-

98 730 107 748 '
216 729 316 807 dete.
376 728 482 820 Quae
499 731 624 822 vtique
647 725 721 826 ipsa
744 749 799 802 tes
822 727 1008 822 ingentem
1038 723 1125 798 viui
1142 721 1296 812 habere

216 841 327 918 debet
358 841 403 918 ad
431 841 674 922 adolescentes
705 839 888 918 creatoris
910 837 1046 916 indolis
1070 849 1142 938 tani
1176 857 1298 932 prae·

91 979 104 996 ⁸
210 955 335 1034 alatae
350 937 466 1032 latsdts
484 957 681 1052 cupiditate
697 951 986 1028 inflammandos.
1054 945 1131 1024 Vix
1155 961 1295 1024 tamen

219 1065 408 1144 alius.diee
432 1066 650 1168 sollenniot,
690 1067 752 1142 vix
779 1064 1041 1155 aliuslaustior
1064 1079 1111 1137 ¹ac
1127 1061 1297 1148 laetior,

219 1193 284 1257 aut
300 1181 370 1262 fuit
385 1193 448 1284 aut
468 1177 534 1257 else
556 1182 676 1278 potuit
700 1201 745 1253 eo
761 1179 892 1266 natali,
922 1196 1034 1273 quem
1051 1176 1129 1268 heri
1152 1197 1197 1253 ac
1215 1197 1298 1248 nu-

110 1355 115 1362 .
187 1277 192 1286 ⁵
220 1293 302 1370 dius
321 1295 447 1368 tertius
464 1295 639 1370 celebrari
667 1293 809 1367 vidistis.
846 1287 1098 1366 '‘Adueniebat
1117 1287 1184 1363 ille
1208 1291 1300 1362 ani-

33 1475 36 1488 .
104 1419 115 1430 ”
218 1407 289 1482 mia
306 1405 530 1506 superiorum
555 1423 761 1502 temporum
787 1404 965 1480 hilaritate
978 1403 1107 1477 adhuc
1131 1399 1301 1498 perfusis

220 1533 258 1593 et
286 1531 427 1594 tantum
459 1543 534 1612 non
563 1517 809 1603 tumentibus.
865 1537 948 1592 curn
979 1513 1163 1590 redditum
1191 1517 1299 1590 votis

147 1699 149 1708 .
220 1631 378 1734 publicis
406 1635 629 1732 priuatisque
656 1627 933 1738 ¹GllORGlVlll
963 1625 1038 1716 lll.
1071 1627 1207 1728 populi
1237 1627 1302 1702 sui

223 1766 385 1824 amorem
402 1769 444 1822 ac
460 1745 626 1832 delicio,
660 1743 868 1826 valetudine
885 1742 1029 1840 pristina
1056 1755 1300 1839 recuperata,

157 1833 161 1858 ¹
222 1857 502 1952 gratulabamur.
570 1855 624 1934 Ex
648 1869 801 1931 euentus
827 1859 950 1952 itaque
974 1851 1149 1931 laetissimi
1183 1853 1301 1930 sensu

222 1981 298 2044 tani
316 1971 452 2050 recenti
467 1971 593 2047 natalis
610 1970 718 2048 huius
736 1969 924 2047 celebritas
945 1972 1079 2046 mirum
1104 1983 1302 2068 quantuni

220 2081 411 2178 religionls
438 2085 690 2176 mutuabatur3
731 2105 800 2157 nec
824 2081 999 2156 sollennia
1031 2081 1091 2156 ista
1124 2089 1301 2180 unquam

224 2197 340 2294 magis
358 2195 462 2272 laetis
478 2219 519 2272 ac
534 2199 602 2294 piis
618 2197 824 2272 animorum
838 2193 994 2270 sensibus
1013 2193 1114 2272 suere
1131 2195 1300 2293 peralta.

224 2305 309 2384 Nec
324 2329 409 2382 nero
425 2331 467 2384 ea
485 2310 662 2406 religione
677 2311 861 2406 acpietate
878 2308 990 2383 nostri
1005 2321 1159 2395 tantum.
1179 2323 1303 2405 quot-

87 2489 101 2510 ,
175 2451 177 2460 ’
225 2434 321 2515 quot
338 2423 493 2496 ciuitatis
505 2425 637 2498 iureet
650 2424 793 2518 imperii
811 2421 968 2496 sormula
990 2403 1162 2518 disloque
1178 2418 1303 2497 sacra-

226 2549 356 2609 mento
371 2531 465 2632 Regi
483 2531 643 2634 Optimo
658 2533 873 2632 obsequium
895 2527 1131 2630 praestamus,
1172 2537 1300 2611 animi

109 2681 127 2692 -
225 2643 328 2721 fuere
344 2647 518 2736 contaCli;
538 2649 575 2722 id
591 2651 689 2722 enim
705 2671 790 2722 cum
801 2643 912 2722 officii
926 2631 968 2722 a'o
985 2645 1068 2725 fidel
1083 2647 1300 2722 rationibus

229 2771 304 2830 erat
332 2760 593 2851 coniunslum;
643 2781 791 2843 verunt.
835 2759 937 2857 quod
969 2783 1045 2836 non
1072 2757 1145 2834 stne
1179 2759 1299 2835 laude

148 2947 158 2974 Ι
223 2867 339 2942 vestra
355 2885 641 2945 commemorare
657 2859 862 2968 possumus,
882 2867 1010 2960 Ciues,
1041 2893 1303 2972 unoquoque,

150 3001 163 3012 ·
229 2974 460 3090 qui'aliunde
478 2982 551 3058 huc
565 2979 756 3059 aduenistis
776 3006 843 3058 nec
861 2983 924 3062 nist
940 2999 1042 3060 certo
1070 2983 1228 3061 consilio
1262 3003 1302 3061 et

229 3089 275 3164 ad
303 3107 440 3170 certum
473 3108 618 3193 tempus
647 3099 685 3170 in
718 3099 903 3174 ciuitatem
937 3099 1095 3172 nostram
1120 3099 1200 3172 eliis
1232 3101 1307 3172 ad-

228 3199 369 3302 strlpti‚
410 3207 449 3282 io
476 3208 663 3306 religionis
691 3231 733 3286 ac
754 3211 898 3307 pietatis
929 3208 1136 3286 societatem
1160 3213 1303 3288 animis

228 3313 439 3394 volentibus
458 3342 522 3395 vos
537 3321 764 3396 adiunxillis:
783 3323 948 3398 testatum
963 3323 1000 3397 id
1017 3323 1103 3400 fecit
1119 3323 1302 3421 frequen-

186 3465 191 3474 ·
228 3427 276 3502 tia
295 3429 417 3516 vestra,
438 3429 629 3520 lilentium,
648 3433 821 3518 faunuile
840 3423 905 3532 qui
926 3435 1086 3522 aderant,
1104 3439 1301 3513 omnibus.

229 3537 374 3616 Scilicet
392 3543 440 3617 ita
458 3547 554 3641 apud
576 3567 639 3621 uoe
655 3547 836 3634 statuistis,
853 3544 981 3624 Ciues:
1009 3549 1113 3646 quod
1136 3573 1237 3624 nunc
1258 3553 1302 3624 in

119 3663 124 3675 ’
231 3673 366 3740 nouam
388 3653 481 3731 hanc
505 3659 689 3733 ciuitatem
715 3659 902 3756 adscripti,
951 3665 1021 3734 tuti
1046 3685 1088 3737 ac
1113 3661 1227 3738 securi
1254 3667 1297 3738 in

231 3763 305 3842 hoc
320 3765 714 3864 praestantissimorum,
745 3771 902 3866 ingeniis
914 3783 950 3845 et
963 3775 1069 3848 omni
1089 3774 1299 3852 litterarum

151 3876 156 3888 “
212 3899 365 3976 ‘genere
383 3879 662 3966 excellentium.
704 3885 864 3960 virorum
885 3891 1131 3966 contubernio
1148 3911 1191 3964 ac
1215 3903 1300 3963 tan-

233 4013 344 4094 quam
361 3993 540 4072 conuitlu-
557 3995 650 4072 vitae
673 4007 709 4072 et
731 3994 993 4098 adulescentiae
1018 3999 1147 4080 liorem
1170 4005 1299 4098 agitis,

1156 4115 1299 4192 vtiliffi-
