2644 4746
352 337 358 346 '
401 339 440 416 tt
466 327 649 446 poemia.
791 379 795 388 «
969 347 1055 442 109

51 537 139 610 cinna.
191 529 295 610 Satius
320 531 434 630 igitur
456 527 589 619 visum,
624 527 766 607 seruare
790 534 991 629 praemium
1013 538 1055 614 in

51 669 155 722 annum
167 648 384 745 proximum,
414 641 640 741 quosperare
655 628 865 722 licettalem
881 647 1057 726 sorecon·
1120 711 1122 722 .

51 763 156 836 cursum
171 760 463 844 concertantium,
476 759 540 855 qui
552 757 687 854 dignus
705 757 821 834 videri
835 758 1061 858 pollitbene'·

51 875 108 948 loo
120 888 223 962 muto,
253 895 330 972 quo
350 869 388 947 'et
403 873 553 950 excitari
577 871 690 968 studia
709 883 746 946 et
770 877 892 951 ornari
910 877 1059 974 ingenia

51 1003 72 1058 tt
90 987 311 1063 commendari
322 981 455 1086 poffint
470 982 672 1083 profeiius3
687 986 853 1084 inprimis
873 1009 958 1066 cunr
976 990 1061 1066 nul·

46 1099 97 1173 lun
111 1101 295 1189 studionrm
312 1121 429 1197 genus
446 1095 510 1186 stt,
544 1095 647 1195 quod
665 1112 727 1174 aut
749 1102 903 1178 maiorer
922 1103 1060 1182 littera-

47 1237 101 1287 run
115 1217 225 1313 copias
239 1211 431 1298 deiideret,
454 1221 516 1290 aut
530 1213 575 1288 ab
590 1211 814 1304 humanitate
830 1227 867 1292 et
883 1219 1060 1294 orationis

47 1327 142 1402 letinae
182 1326 364 1410 facultate,
392 1323 527 1404 fruens
567 1323 825 1430 praesentiores
872 1331 1060 1428 expeilare

46 1439 136 1536 polit.
161 1443 274 1518 autin
294 1439 523 1514 fortunarum
545 1438 706 1536 angustia
733 1438 914 1547 praefidiis
935 1443 981 1520 ad
1004 1447 1060 1520 in·
1094 1441 1100 1466 ¹

45 1557 198 1644 geniomm
229 1543 591 1632 commendationem
620 1553 738 1651 magis
776 1570 906 1652 egeat,
948 1577 1060 1657 quam
1125 1595 1127 1606 ·
1223 1651 1227 1664 ⁸

45 1662 287 1768 lleologicurn.

70 1859 145 1939 Ordo
171 1859 471 1987 Iureconseltorum
492 1861 730 1962 proposuerat
751 1865 1018 1966 quaestionem:

169 2024 330 2112 Quaenam
347 2020 409 2120 first
430 2023 884 2167 genuinusundamentaisris
900 2023 1062 2110 supremae

220 2109 384 2194 potestatis
422 2125 504 2170 circa
543 2103 702 2189 arpenta,
748 2107 914 2193 qutbusqrre
938 2133 978 2175 ex
1009 2133 1062 2176 ru-

225 2190 366 2256 tt'otrt'bus
395 2191 459 2253 ulia
481 2200 634 2274 tuanuam
652 2187 769 2274 spurio
788 2195 955 2260 reiiciendu
972 2195 1065 2284 first?

225 2283 395 2384 Eamque
411 2285 658 2386 quaestionem
676 2307 752 2360 non
772 2284 890 2366 solum
904 2313 952 2367 ex
966 2293 1066 2391 prin·
1190 2359 1193 2370 .

227 2401 347 2500 cipiis
365 2400 453 2476 iuris
490 2398 630 2496 publici
661 2397 891 2492 sniuersalis,
939 2427 1067 2482 rerum

230 2515 343 2590 etiam
356 2535 402 2589 ex
426 2511 614 2611 principiis
635 2509 723 2586 iuris
745 2508 903 2588 Romani
921 2527 957 2589 et
973 2517 1067 2614 *iuris

231 2627 376 2728 publici
393 2623 603 2704 Germanici
625 2621 775 2732 enodari
793 2623 1064 2708 defiderauerat.

117 2763 317 2846 ”Traditae
339 2766 422 2844 sunt
447 2762 581 2844 Ordiui
609 2767 936 2846 commentationes
957 2770 1065 2870 duae.
1143 2813 1146 2824 »

38 2875 117 2954 ltera
132 2879 333 2982 praemillo
356 2881 563 2978 fragmento
588 2901 635 2956 ex
659 2878 743 2978 lege
762 2883 876 2980 regia:
919 2881 1068 2984 ”Vtique

37 3017 222 3094 :tapsumque
239 3023 280 3074 ex
295 2997 356 3100 vsu
371 2992 570 3093 reipublicae,
581 2997 740 3094 maiestate
752 2994 937 3074 diuinorum
953 2996 1069 3076 tuma-
1090 3045 1096 3064 ι
1146 3069 1152 3090 „
1292 3029 1293 3038 ’

34 3131 122 3182 aarum
136 3108 353 3209 publicarum
361 3112 631 3208 priuatorumque
648 3131 772 3197 rerum,
787 3101 843 3210 effe
865 3109 1014 3213 censebit,
1040 3116 1068 3190 ri

43 3226 229 3324 terestrem
251 3225 300 3300 r'trr
317 3225 515 3326 potestasque
526 3223 622 3324 fit,·”
653 3219 765 3296 altera
785 3219 951 3324 infignita
975 3225 1069 3326 sym·

30 3337 97 3412 eolo
112 3361 162 3416 ex
187 3335 303 3414 Plinii
323 3337 562 3438 panegyrico:
597 3335 752 3432 ”Magno
772 3333 844 3412 laur
865 3343 923 3442 est,
951 3341 1070 3446 βροτω
1142 3419 1147 3446 „

27 3468 35 3542 J
47 3479 94 3548 rpe
129 3454 263 3530 oinct.’'
337 3475 343 3493 '

114 3591 306 3685 „Neutra
349 3587 499 3692 quidem
546 3589 676 3668 barum
720 3597 1072 3676 commentationum

43 3711 189 3786 mnibus
211 3707 372 3784 numeris
387 3703 553 3782 absoluta
563 3704 760 3804 praedicari
777 3707 909 3805 potest,
925 3709 984 3786 led
1002 3733 1073 3789 nec

27 3827 164 3920 :ligna
192 3823 301 3898 omni
318 3821 480 3919 praemio
508 3841 551 3895 ac
575 3817 683 3894 laude
712 3817 761 3894 est
788 3820 976 3920 diligentia
995 3847 1073 3902 non
1107 3885 1109 3890 .

43 3961 75 4010 ·:e
100 3937 289 4014 acumine
318 3929 530 4030 ingeniiiab
553 3943 708 4032 tuoque
732 3931 876 4011 autore
900 3937 1069 4015 adhibita.

50 4051 309 4152 imparatione
322 4059 442 4124 umen
459 4047 646 4146 veriusque
670 4044 893 4146 scriptionis.
920 4071 992 4150 qua
1009 4071 1072 4148 par

1013 4163 1075 4255 est,
