2604 4740
229 383 315 474 262
377 379 577 504 Conamen
607 293 898 468 inaurire}
919 369 1105 467 LXXX
1105 372 1178 468 Xl.

169 633 173 646 ι
233 583 344 662 altera
362 607 446 662 cum
460 583 593 660 >verbis
612 576 833 656 Abulfedae:

457 689 594 752 Scientio
617 684 791 766 particulae
814 687 862 746 rei
891 683 1049 746 ransdnm
1070 681 1181 746 melior
1205 686 1292 745 totins

567 771 771 850 ignoratione.

233 859 401 961 Vtraque
416 885 456 939 ea
479 861 664 938 dodrinae
682 861 789 960 copia
806 869 845 934 et
865 855 1039 939 leiiionis
1056 873 1234 960 apparatu
1253 861 1289 934 ei:

74 1039 80 1050 .
204 988 213 1003 “
233 977 419 1073 instruile,
448 991 487 1052 vt
502 975 707 1052 scholarum
723 971 960 1054 orientalium
976 977 1013 1055 in
1029 973 1099 1052 hac
1116 975 1289 1050 academie

234 1089 439 1166 habitarum
452 1091 514 1164 vix
531 1089 605 1164 vlla
617 1088 743 1164 haberi
760 1083 865 1185 possit
880 1085 1188 1166 honorificentior
1206 1113 1291 1185 prae·

125 1187 132 1202 ’
234 1204 379 1278 dicatio.
406 1202 452 1296 lit
472 1205 510 1278 in
521 1205 637 1300 prima
647 1202 808 1299 quidem.
823 1199 905 1274 loca
917 1198 1174 1298 petEdritiom
1193 1202 1289 1298 spani

234 1313 363 1390 sedulo
382 1337 424 1392 ac
439 1316 636 1412 diligenter
654 1309 733 1390 satis
751 1313 834 1390 sunt
859 1313 1030 1403 collerla,
1059 1317 1099 1390 in
1130 1317 1293 1413 probabi·

235 1427 310 1503 lcm
329 1429 498 1504 ordinem
513 1430 657 1525 digesta.
668 1441 704 1504 et
716 1423 870 1526 quaead
886 1427 1167 1504 illustrationem
1189 1429 1292 1503 facere

234 1549 407 1638 poterant
426 1566 510 1617 cum
530 1565 616 1619 cura
642 1539 790 1617 aliunde
820 1539 1001 1636 congesta.
1065 1538 1232 1618 Palmam
1264 1566 1294 1612 er

233 1656 304 1733 iam
336 1657 504 1730 manibus
533 1657 703 1744 tenebat,
741 1651 807 1734 nili
838 1651 950 1728 altera
976 1659 1245 1732 commentatio
1267 1659 1293 1726 ir

233 1768 397 1843 medium
417 1765 534 1844 fuiffet
550 1766 712 1842 adduda.
752 1763 853 1842 Haec
867 1769 968 1844 enim
987 1791 1065 1846 non
1083 1769 1204 1844 modo
1228 1771 1296 1842 illi.

232 1880 323 1975 ipsas
341 1879 467 1954 laudes
485 1879 612 1966 habet,
631 1901 758 1956 verum
777 1875 921 1958 easdem
939 1882 1050 1957 etiam
1068 1883 1245 1969 maiores,
1264 1879 1297 1954 'ez

234 1991 314 2067 aliis
328 1993 497 2068 laudibus
516 1991 702 2087 insigniter
724 1991 938 2070 cumulatas.
963 2080 967 2097 ³
997 1993 1095 2072 Nam
1113 2017 1187 2070 non
1214 1996 1300 2068 loci

119 2093 122 2104 '
233 2106 348 2182 modo
366 2129 411 2180 ex
422 2103 646 2204 Geographo
663 2104 858 2204 diligenter
877 2104 1137 2194 summonte,
1167 2129 1293 2181 vernn

233 2218 317 2294 sunt
337 2243 377 2295 ea
392 2241 546 2318 quoque
568 2218 731 2295 sollerter
747 2216 932 2314 dispofita,
951 2233 1007 2308 et,
1037 2245 1131 2322 quae
1147 2223 1195 2296 ad
1220 2223 1288 2294 illn

232 2331 443 2408 strationem
461 2331 609 2408 aliunde
627 2331 784 2430 petenda
802 2347 924 2436 erant,
955 2332 1092 2410 summa
1115 2357 1204 2410 cunr
1231 2338 1295 2408 dil.

232 2449 370 2544 gentis,
387 2445 575 2544 sagacitate
595 2459 632 2522 et
648 2444 785 2521 iudicio
802 2441 885 2520 lunt
899 2447 1079 2544 appolita;
1108 2463 1197 2524 tuus
1222 2475 1285 2524 ser

234 2560 663 2659 criticaadhibitaeaque
687 2555 790 2633 dotia
812 2571 849 2634 et
877 2558 1016 2635 subtilis
1046 2585 1129 2638 cum
1157 2565 1202 2636 in
1235 2569 1285 2661 ipi

235 2669 463 2772 Geographo
481 2688 560 2749 tum
575 2673 613 2748 in
633 2671 725 2746 locis
744 2669 892 2748 aliunde
912 2674 1047 2749 allatis:
1081 2697 1164 2773 quo
1178 2679 1283 2774 'inpr

231 2789 302 2862 mis
330 2785 463 2862 facium
482 2786 551 2872 est.
574 2797 613 2860 vt
631 2783 745 2859 multa
765 2783 891 2864 audon
907 2785 986 2862 aliis
1010 2779 1085 2864 non
1111 2789 1290 2864 obscena·

211 2897 500 2984 'obseruauerin
523 2897 653 2973 redius
680 2897 912 2987 indicauerit,
954 2897 1022 2975 alia
1050 2903 1290 2979 emendatio

234 3011 384 3090 dederit
443 3007 590 3098 Verbo,
623 3011 717 3088 votis
739 3029 776 3086 et
791 3011 950 3088 confiliis
968 3009 1122 3090 Ordinis
1140 3015 1300 3114 philos-:-

233 3123 475 3226 phiciauilor
491 3126 541 3200 ita
558 3121 760 3224 respondit,
795 3139 835 3202 vt
860 3126 1155 3204 conclamaretur
1180 3138 1300 3206 veris:

233 3263 344 3338 quam
371 3237 628 3315 decerneretur
650 3237 854 3334 praemium
880 3235 968 3318 huic
992 3251 1294 3322 commentarios

229 3351 421 3450 inscriptae
438 3353 556 3427 verbis
580 3347 781 3424 Abulfedae

453 3453 590 3518 Scientio
606 3453 780 3535 particulae
795 3462 848 3521 etr.
980 3464 985 3474 “

158 3612 161 3630 ,
229 3545 278 3624 At
295 3567 383 3624 vero
404 3558 526 3622 manet
542 3545 835 3646 quoquehonos
851 3546 934 3624 sous
960 3545 1063 3626 alteri
1089 3545 1145 3624 illi
1172 3554 1292 3645 prior

225 3674 266 3736 et
281 3657 456 3738 consensu
474 3655 628 3736 Ordinis
647 3663 816 3766 proxima
833 3660 932 3748 laus,
953 3665 1149 3762 proximus
1164 3661 1300 3743 honen

132 3802 136 3808 ·
229 3777 263 3850 ei
277 3775 431 3872 debetur
446 3794 540 3872 quae
562 3771 731 3871 inscripta
752 3775 801 3851 est
818 3775 955 3851 serbis:

453 3878 576 3942 Maiori
596 3875 765 3942 cedendum.

227 3963 314 4050 Erat
329 3979 449 4046 antem
466 3971 516 4056 is,
547 3972 607 4044 cui
634 3969 839 4046 cedendum
857 3969 938 4056 fuit,
958 3973 1023 4072 qui
1039 3950 1114 4072 que
1132 3995 1275 4074 praem
1290 3984 1294 3994 '

224 4085 296 4164 iuit
314 4096 483 4172 ornatus,
498 4079 669 4161 loannes
686 4081 900 4160 Marouion
916 4079 1165 4180 Herennia,
1182 4091 1273 4166 Nar

337 4238 340 4246 ’
857 4226 862 4235 ¹
926 4195 930 4210 ⁸
1207 4203 1294 4283 lin:
