2626 4738
140 394 144 402 ·
199 367 282 477 ιιι
385 353 585 448 carmen
603 301 841 465 mamm
863 381 901 443 a.
924 307 1090 474 ιιιιιι
1180 367 1192 380 ·

195 562 282 644 ellat
299 561 512 664 praemium.
571 557 796 659 Quanquam
816 561 913 638 enim
929 555 1261 639 audor'rmranrnm·

196 683 313 766 dont,
345 678 453 780 versut
467 704 510 752 est
522 670 665 753 Aeneide*
683 679 717 751 in
729 676 846 776 fronte
860 678 994 772 struatis
1016 689 1054 752 ct
1075 682 1177 754 terlio
1191 679 1254 752 lura

195 805 521 880 commemoratae,
556 791 746 888 egregium
769 789 964 866 induiltiae
994 793 1078 868 suae
1107 814 1155 866 ac
1181 794 1258 866 dili·

186 895 341 1008 ''gentiae
360 909 399 981 in
422 903 642 1002 colligendis
664 903 771 978 variis
787 918 953 980 veterum
975 907 1111 1003 pariter
1137 928 1183 980 ac
1208 932 1258 982 re·

195 1025 401 1100 cantiorum
418 1018 603 1093 sententiis
622 1031 660 1094 et
676 1017 915 1115 opinionibus
931 1019 1046 1096 edidit
1061 1018 1256 1115 specimen,

193 1149 235 1211 at
249 1136 323 1211 hoc
343 1129 503 1231 respetlu
519 1131 686 1208 iudicum
705 1129 949 1230 expectationi
973 1155 1017 1210 ac
1046 1135 1143 1208 votis
1163 1133 1259 1208 latis

93 1233 97 1243 ’
193 1245 312 1326 irciilr
331 1246 445 1322 videri
461 1242 586 1344 pout,
615 1257 756 1333 tamen,
782 1255 861 1320 tum
878 1247 1005 1344 quoad
1021 1243 1133 1344 iplios
1151 1271 1258 1345 argu·

176 1351 311 1439 'menti
325 1359 594 1448 tradationem,
624 1381 718 1460 quae
741 1365 810 1446 nec
828 1359 967 1436 iudicio
989 1363 1027 1435 in
1050 1382 1257 1458 congeren-

194 1475 250 1554 dis
274 1475 413 1576 copiis,
444 1495 513 1552 nec
538 1496 624 1550 eura
649 1475 686 1550 in
711 1465 926 1549 collocanda
951 1488 988 1550 et
1009 1475 1258 1552 distribuenda

193 1592 343 1668 materia
368 1588 569 1666 admodum
593 1585 893 1674 commendator,
927 1601 1007 1664 tum
1029 1591 1156 1688 quoad
1181 1615 1260 1666 ora.

193 1708 353 1788 tionem,
382 1725 454 1802 qua
478 1700 557 1776 vius
576 1701 642 1788 eil,
673 1724 749 1776 noo
766 1699 844 1775 satis
860 1702 1023 1792 latinam,
1055 1703 1176 1778 multa
1196 1705 1259 1779 de·

191 1817 378 1896 fiderauda
393 1813 559 1912 reliquit,
588 1813 756 1912 adeoque
777 1813 961 1912 neglexit,
987 1839 1083 1916 quae
1104 1820 1261 1894 incon.

193 1931 395 2013 ditionibus
421 1927 572 2026 praemii
593 1925 771 2026 propoliti
792 1928 890 2027 apud
914 1952 983 2007 nos
1007 1930 1065 2006 vel
1094 1935 1260 2010 maxime

192 2043 376 2122 numerari
392 2039 522 2120 [olent.
548 2038 731 2128 Maiorem
746 2041 890 2118 laudern
903 2023 1116 2120 libimeruit
1132 2047 1258 2121 autlor

192 2155 535 2243 commentationis
572 2177 637 2232 cur
621 2154 861 2254 inscriptum
887 2156 1116 2256 symbolum:
1148 2161 1258 2236 Nimis

185 2273 339 2376 peruerse
354 2272 453 2374 semet
474 2269 579 2372 ipsum
599 2281 706 2356 amnt,
734 2271 803 2348 dre.
872 2269 1021 2347 Summa
1049 2273 1151 2350 enim
1173 2275 1262 2350 dili-

133 2473 139 2482 ,
191 2389 316 2486 gentis
333 2407 410 2461 oon
425 2383 542 2460 solum
563 2397 726 2460 veterum
746 2396 783 2460 et
792 2387 1046 2464 secandorum
1064 2411 1260 2464 commen-

90 2579 92 2590 ,
190 2511 351 2577 tatorum
376 2499 714 2597 interpretationes,
754 2520 847 2598 quae
875 2499 919 2574 ad
951 2501 1039 2576 reni
1057 2500 1258 2591 faciebant.

191 2607 428 2714 conquisruit,
452 2628 489 2687 et
505 2611 550 2708 ad
566 2625 663 2688 certa
678 2635 814 2710 genera
830 2616 1030 2702 reuocauit,
1061 2614 1123 2691 sed
1144 2618 1257 2692 eriam

191 2729 338 2806 abunde
351 2727 424 2804 hoc
441 2725 574 2824 scripto
590 2725 654 2801 luo
673 2722 809 2803 Ordini
823 2729 1081 2826 comprobabit
1100 2729 1257 2828 linguae

96 2865 105 2884 ¹
190 2839 385 2932 latinae'et
404 2859 553 2938 graecae
574 2828 757 2916 scientiam
774 2839 871 2917 haud
890 2841 1089 2938 vulgarem,
1109 2845 1256 2942 ingenii

191 2977 343 3034 acumen
359 2951 398 3030 in
415 2953 652 3030 diiudicandis
671 2957 775 3030 variis
791 2956 1030 3055 opinionibus
1045 2955 1091 3033 ad
1105 2959 1255 3056 regulas

176 3083 307 3148 'certae
330 3069 656 3165 interpretationis,
688 3067 929 3152 subtilitatem·
944 3071 1050 3145 etiam
1069 3085 1107 3146 et
1123 3074 1256 3151 mode·

187 3174 289 3260 ,iliam
322 3182 429 3259 dotto
457 3195 494 3257 et
523 3180 663 3256 liberali
688 3183 821 3283 iuuene
852 3183 1011 3279 dignam.
1084 3181 1253 3262 Palmam

190 3309 311 3372 tamen
353 3287 441 3372 huic
486 3295 805 3392 commentationi.
857 3296 960 3372 dotle
994 3310 1030 3371 et
1068 3296 1253 3377 subtiliter

84 3459 91 3480 .
188 3407 357 3508 scriptae,
402 3409 601 3508 praeripuit
625 3403 818 3506 scriptum,
853 3411 958 3510 quod
993 3411 1205 3511 symbolo
1195 3439 1254 3490 tu·

189 3520 362 3680 seriptum
392 3523 459 3600 est:

582 3621 631 3688 Ne
648 3619 748 3722 qaid
743 3605 843 3692 nimis.

117 3787 118 3798 ι
187 3752 290 3828 auius
313 3745 495 3826 sudorem
512 3743 563 3821 ob
580 3767 701 3842 rerum
720 3747 919 3839 deleilum
949 3702 1272 3833 traditiosam·

131 3893 142 3906 ³
187 3865 313 3943 cidum
336 3861 522 3948 ordinem.
559 3831 747 3944 iudicium'
763 3877 913 3946 acutum
941 3867 1092 3962 pariter
1097 3889 1143 3946 ac
1169 3889 1253 3948 mo-

188 3977 338 4064 delium,
354 3975 558 4058 orationem
571 3973 733 4074 donique
752 3977 836 4074 pets
832 3981 975 4077 picuam
992 3995 1027 4054 et
1044 3979 1251 4062 dictionem

187 4076 366 4257 bonam,
372 4085 554 4188 aliasque
557 4093 885 4192 commentationis
903 4095 1056 4176 suiuus
1080 4104 1250 4197 egregias

162 4229 190 4270 ἰ
1066 4220 1247 4313 praemia
