2672 4746
234 349 292 442 24
313 283 350 473 r
377 327 579 426 Certamen
602 245 830 456 Iinerorinnr
855 261 1163 418 LXXXVIII.
1245 275 1247 286 ¹

238 619 247 638 ,
353 535 540 618 Nulleesi
562 535 695 614 harum
721 530 1092 611 Commentationum
1118 527 1211 632 duae
1238 555 1314 608 non

241 651 414 732 laudibus
438 651 509 728 suis
535 648 569 726 se
597 649 844 726 commendet
885 661 889 670 '
914 645 1040 740 Priore
1066 649 1318 725 socomemo·

243 782 318 842 rata
337 787 469 865 operae
496 761 723 842 sedulitatem
745 765 783 838 iu
804 761 1075 862 ,conquirendo
1099 763 1317 862 approbauir

60 890 62 898 ’
174 926 178 935 ·
244 879 381 957 Ordini
402 878 559 970 affatim
589 875 688 952 haud
704 869 824 976 aeque'
835 875 1033 954 sollertiam
1052 890 1090 953 et
1104 899 1259 953 acumen
1280 877 1316 947 in

245 997 357 1070 rebus
375 991 606 1090 dispiciendis
627 1001 664 1065 et
682 991 905 1080 iudicandis,
932 1009 995 1066 aut
1010 993 1050 1065 in
1075 993 1119 1066 iis
1139 991 1317 1088 eloquen·

248 1107 304 1182 die
329 1125 464 1182 curam.
538 1103 677 1207 Magna
702 1106 1025 1182 commentationis
1049 1127 1130 1204 pars
1160 1102 1319 1201 Aegypti

248 1221 492 1319 descriptione
508 1218 746 1296 consumitur.
806 1219 920 1319 Atqui
947 1221 986 1294 in
1010 1219 1083 1317 ipsa
1098 1220 1320 1317 'quaestione

246 1332 508 1434 praescriptum
525 1349 621 1420 erat,
651 1334 811 1432 Aegypti
825 1331 1031 1408 summatim
1052 1327 1193 1409 tantum
1211 1334 1321 1406 ratio-

45 1466 47 1476 ’
168 1525 177 1545 Ι
248 1471 335 1523 nem
352 1445 420 1523 esse
436 1447 653 1523 habendam.
687 1446 948 1522 Insunttamen
968 1445 1320 1546 ha'udpaucmquae,

247 1559 405 1637 stantior
428 1561 605 1638 subtilitas
619 1558 819 1646 accesserit,
837 1564 951 1637 nitere
972 1559 1115 1662 possint.
1155 1559 1210 1636 Ita
1228 1560 1319 1634 fines

190 1736 193 1746 .
245 1675 392 1752 Africae
411 1690 448 1750 et
471 1679 603 1764 maria,
633 1679 765 1778 partim
785 1675 933 1768 saltem,
951 1675 1096 1756 -meliue
1125 1669 1322 1751 coustitura

250 1810 363 1890 quam
398 1789 438 1866 in
466 1791 609 1868 ceteris.
625 1861 636 1904 ι,

364 1953 472 2048 Quae
489 1954 576 2032 loco
593 1955 703 2034 tertio
722 1971 922 2034 memorata
936 1939 1015 2035 ¹suit
1042 1960 1324 2042 commentatio,

247 2066 361 2146 habet
376 2070 580 2156 tutiorem,
606 2071 674 2169 qui
690 2071 872 2170 exquisito
889 2095 974 2148 cum
991 2072 1130 2150 iudicio
1145 2096 1203 2158 ea.
1228 2095 1328 2171 quae

196 2255 224 2291 ,Ι
249 2181 439 2280 apposuit.
469 2181 597 2283 selegit
610 2207 653 2260 ac
670 2183 832 2284 digestim
871 2202 978 2262 acute
1008 2186 1099 2264 uidit
1128 2187 1329 2286 pleraque;

245 2294 385 2394 senpfit
404 2295 509 2374 doiie
534 2311 572 2376 et
595 2297 728 2384 latine.
772 2297 834 2376 etii
860 2301 1115 2400 monubique..
1134 2297 1329 2399 perspicue

246 2407 331 2486 satie
353 2433 395 2488 ac
414 2407 617 2490 Iueulen'te.
677 2411 794 2504 Quod
824 2437 915 2490 vero
943 2414 988 2490 ad
1012 2415 1189 2492 summam
1214 2436 1335 2509 argu-¹

249 2525 369 2598 menti
397 2523 555 2624 spetiat‚
594 2525 765 2612 historice
791 2531 910 2624 magis
935 2549 1047 2626 quam
1071 2527 1331 2628 geographiCe

103 2693 110 2705 .
250 2637 503 2738 quaestionem
519 2639 689 2740 exposuit
705 2655 742 2752 et
771 2643 962 2721 enodauit.
978 2663 989 2688 ‘

360 2795 671 2901 Superest-media
687 2827 774 2886 cum
791 2803 981 2884 lemmate:
1017 2807 1113 2905 Age.
1149 2811 1173 2907 fi
1192 2822 1334 2887 ventum

237 2915 376 3016 suerit?
401 2915 457 2990 Ad
478 2919 768 3020 geographicam
780 2924 982 3011 rationem,
1004 2947 1123 3001 rerum
1151 2925 1333 3022 digeren.

244 3025 384 3104 darum
394 3025 576 3120 ordinem,
588 3031 700 3132 ipsam
715 3036 931 3118 orationem.
951 3059 1061 3136 quam
1075 3039 1333 3136 geographiczt

84 3144 89 3153 '
244 3137 1324 3250 disputatiopostulat,quodattinethauddubieeapraesia

243 3251 398 3334 ceteris.¹
448 3255 533 3334 Nec
548 3257 791 3338 desideramus
807 3263 1036 3362 diligentiam
1044 3283 1091 3340 et
1107 3265 1332 3381 industriam

245 3363 322 3442 srue
340 3371 379 3443 in
392 3372 510 3445 verbis
530 3371 603 3450 srue
619 3376 656 3450 in
674 3375 795 3453 rebus.
823 3377 1026 3476 Aequabile
1044 3402 1156 3478 porro
1178 3377 1331 3478 fibiqu⁴

242 3479 587 3563 contrastantum
606 3487 777 3566 elucescit
802 3493 840 3566 in
864 3494 1029 3591 partibus
1049 3492 1200 3591 singulis
1228 3508 1270 3568 et
1299 3497 1331 3582 iu

244 3601 327 3668 toto
345 3595 484 3674 colore
516 3596 577 3676 De
596 3601 767 3703 Aegypto
779 3605 861 3680 stne
878 3607 983 3704 plura
1000 3607 1091 3682 diua
1109 3604 1192 3682 suot
1207 3629 1330 3705 quan

245 3705 386 3784 necesse
414 3725 509 3804 erat;
543 3737 613 3794 nec
636 3731 758 3794 tamen
785 3719 942 3795 studium
970 3723 1188 3822 ingeniique
1212 3724 1326 3818 vigo

244 3817 290 3894 ad
309 3835 428 3897 cetera
442 3847 610 3904 accurare
630 3829 880 3932 persequenda
895 3831 1051 3915 refrixit.
1074 3831 1186 3916 Xisus
1195 3836 1325 3933 itaqu

244 3931 297 4008 est
318 3933 444 4012 rudior
467 3941 657 4038 postulatio
688 3961 725 4020 et
756 3949 852 4022 rotie
876 3949 1005 4024 nostris
1028 3943 1199 4047 inprimis
1228 3949 1307 4026 sati

246 4045 386 4142 sedile,
428 4063 464 4128 et
479 4060 646 4156 praemio
673 4059 785 4160 digua
812 4063 858 4138 ab
890 4059 1034 4152 Ordine
1057 3975 1329 4165 philosophici

1024 4205 1029 4212 ·
1137 4177 1328 4394 declara]
