2644 4746
169 339 173 356 ·
256 321 338 418 116
398 315 597 411 cananea
623 233 856 400 ranerarnm‘
874 335 910 398 a
931 267 1193 403 cxxiiii.

225 585 227 592 ,
309 551 385 626 quor
405 525 484 598 acies
496 519 593 632 [oni
592 519 673 594 etin
687 517 799 612 uigore
820 517 936 594 aruris
959 519 1122 617 mustum·
1135 513 1222 595 oculi
1244 545 1314 593 nro·

307 637 464 739 urrant-2

238 771 290 864 Si
312 782 432 881 prius:
459 771 705 870 fignificentut
723 769 929 870 generalius
947 769 1088 870 stirpes,
1112 769 1171 846 vel
1188 785 1312 870 partes

309 889 454 975 earum,
478 905 575 984 quae
592 884 1104 992 mictolcopii‘adiumcntum
1114 883 1311 961 necessario

305 1010 344 1084 in
363 1003 496 1080 ditium
515 1000 625 1077 linem
644 998 708 1074 srbi
728 997 934 1094 vindicent,
958 999 1046 1074 iterra
1064 998 1198 1095 grados
1222 1023 1311 1096 aug-

305 1117 421 1199 nienti
450 1113 559 1216 lentis
586 1113 737 1199 vitreae,
776 1123 815 1186 vt
839 1102 1037 1186 constantia
1063 1105 1311 1186 c'lra'rallerunr

235 1260 263 1336 Ι·
306 1219 481 1312 obtineat
539 1223 602 1302 Sin
620 1225 815 1326 posterius:
840 1237 1052 1322 argumenta
1070 1223 1312 1312 enucleatius,

304 1366 420 1444 eaque
438 1331 832 1437 exemplis'firmanda.'
852 1329 1102 1436 exponantur,
1127 1356 1193 1414 cur
1208 1339 1313 1416 lente

256 1477 260 1489 ·
304 1447 556 1538 abstinendum
577 1449 627 1526 fit.
673 1447 727 1526 lta
750 1451 927 1539 elucebit,
942 1449 993 1524 an
1008 1448 1058 1526 ob
1076 1465 1181 1527 notas
1204 1457 1313 1528 vnice

304 1567 547 1667 microlcopio
574 1565 733 1652 debitas,
786 1565 825 1638 in
853 1561 1099 1662 systematibus
1127 1565 1311 1642 botanicis

302 1680 442 1765 necesse
459 1680 518 1768 sir,
549 1680 765 1773 excogitatis
795 1679 903 1752 nouis
928 1671 1085 1776 partium
1113 1679 1312 1754 abscondi-

286 1793 600 1878 earnmtnninis
627 1795 698 1880 vti,
726 1789 900 1866 diuellere
916 1789 1040 1888 stirpes
1063 1793 1157 1866 bene
1173 1797 1312 1868 multas

300 1905 473 1992 hadenus
508 1905 669 1994 iunllas,
715 1915 752 1978 et
783 1903 993 1979 combinare
1019 1898 1105 1978 alias
1135 1900 1314 1981 hellenus

302 2024 502 2108 dillintiar,
532 2017 905 2094 mutareclraratleres
925 2017 1015 2090 olim
1039 2035 1231 2114 receptos,
1265 2040 1312 2102 er,

300 2163 418 2238 quum
445 2134 595 2212 nomina
619 2128 762 2208 nonnili
784 2127 1015 2228 dispofitione
1039 2129 1200 2228 stirpimn
1226 2151 1312 2230 apta

300 2255 370 2330 niti
388 2263 545 2349 queant,
575 2243 792 2320 innouando
809 2224 1160 2332 nomenclaturam,
1194 2243 1312 2320 scien-

298 2369 392 2443 tiae
426 2359 628 2437 multorum
649 2379 831 2434 annorum
857 2355 974 2432 studio
996 2352 1139 2432 adultae
1161 2373 1199 2432 et
1227 2361 1313 2456 pin

165 2506 168 2514 ·
299 2481 478 2556 rimorum
495 2475 762 2570 approbatione
783 2469 977 2558 stabilitae.
996 2492 1131 2590 nouam
1140 2471 1313 2548 loturam

297 2584 538 2690 imprimere?

211 2748 693 2840 tauromenium
723 2693 1313 2836 annosornortvrdcom

234 2903 238 2912 ·
341 2927 343 2937 .
426 2867 637 2940 militonum
663 2862 786 2938 studiis
807 2861 1032 2962 propofitunr
1057 2862 1174 2956 est.

190 3041 192 3050 '
247 3015 291 3098 V
285 3025 300 3090 l
315 3038 399 3104 conr
399 3019 520 3082 roratur
543 3028 608 3088 una
630 3001 682 3078 uel
702 3003 750 3078 oli
737 3017 806 3079 tero
832 3002 1009 3100 respublica
1037 3009 1165 3102 nossroe
1187 3013 1313 3081 aaroni

295 3153 365 3206 ctam
386 3147 450 3198 ona
465 3121 516 3193 vel
530 3119 634 3194 allero
648 3145 717 3194 reu.
733 3105 845 3191 verer-ir
859 3119 1038 3198 Graecina
1066 3139 1096 3191 v.
1118 3141 1147 3196 e.
1168 3121 1321 3218 ollgar.r

164 3327 167 3338 ¹
293 3239 374 3318 chia
396 3233 536 3309 Veneta
556 3239 640 3308 cum
670 3229 865 3332 Spartana,
907 3225 1183 3307 Helueticarunr
1209 3259 1317 3309 non.

294 3351 480 3430 nullarum
502 3349 690 3436 ciuitatum
717 3343 936 3418 democratia
964 3366 1049 3419 cum
1080 3345 1321 3422 democratia

210 3497 216 3507 ·
295 3459 588 3550 Athenienlium3
621 3471 689 3561 aut
701 3479 792 3554 resp.
817 3454 1113 3546 confoederatae,
1154 3473 1192 3533 vt
1212 3457 1315 3534 Hol-

68 3649 71 3658 .
296 3581 500 3662 vetiororn,
532 3587 569 3646 vt
585 3568 722 3666 Belgii,
739 3583 778 3646 vt
794 3569 977 3646 Amerlcae
996 3570 1314 3668 septentrionalis.

138 3717 141 3728 ·
271 3713 380 3777 ,cum
400 3709 474 3784 rep.
496 3684 743 3770 Achaeorum,
771 3683 1004 3768 Aetolorum.
1047 3699 1084 3758 et
1107 3683 1154 3760 stc
1174 3707 1314 3782 porro.

291 3801 426 3902 Neque
447 3823 531 3876 roro
548 3801 609 3874 illa
624 3799 848 3896 comparatio
866 3819 930 3892 per
946 3819 1075 3875 omnes
1090 3820 1131 3871 ac
1143 3797 1313 3894 unguis„

294 3921 381 4016 reip.
402 3929 518 4014 partes
534 3915 644 3988 trimis
662 3911 814 3986 sollicite
831 3911 880 3986 eil
897 3909 1156 4010 persequenda.
1176 3935 1312 3986 verum

295 4033 394 4108 iniis
416 4042 578 4117 tantum,
623 4048 718 4126 quae
742 4022 922 4124 insignem
945 4025 1107 4126 aliquam
1137 4023 1320 4102 fioriiitn.

1178 4141 1320 4218 dirrenr
