2604 4740
226 285 313 382 270
405 269 638 388 Deperturio
656 269 697 355 ιἰι
722 291 861 354 ιιοιιιιιιι
895 261 1109 358 &rubriore

224 477 292 564 tis,
322 473 388 553 sno
407 431 684 576 qnisqneioco,
710 452 1015 562 commilitones,
1043 475 1144 574 stirpe
1162 489 1190 552 et
1202 501 1255 574 ge.

225 613 333 678 nere,
366 585 484 666 'arnimi
512 587 726 682 ingeniique
756 585 905 662 dotibus
934 587 1118 686 conspicui
1145 591 1256 666 nostra·

101 692 126 766 .'
224 715 382 802 rumque
398 725 518 780 rernm
535 715 714 784 amantes,
739 695 990 778 humanissime
1011 725 1031 776 a
1056 703 1156 777 vobis
1170 726 1258 797 roga·

180 891 185 906 ,
223 817 327 891 mini.
383 810 748 911 lnteripsa‘muneris
773 811 929 910 auspicia
949 837 1071 890 nouus
1096 811 1260 890 Proretior

222 929 388 1027 suscipiet
404 943 488 1002 vota
504 947 571 1024 pro
585 945 661 1021 rep.
685 924 821 1020 quibus
839 939 877 998 vt
895 927 1043 1006 numus
1060 927 1146 1003 fides
1166 951 1204 1002 ae
1218 952 1260 1002 re·

211 1043 321 1139 irgio·
342 1042 525 1138 nostrique
549 1059 654 1112 amor
682 1035 828 1112 suadere
859 1038 984 1116 debet.
1046 1043 1135 1118 Due
1154 1068 1191 1118 ιι
1210 1069 1261 1140 pm

221 1153 362 1231 euntis:
391 1155 499 1232 eadem
518 1151 577 1252 ptr·
601 1154 729 1247 quisquo
751 1150 893 1228 uouebr't.

330 1314 438 1400 Fadio
457 1317 542 1406 hoc,
564 1315 666 1415 quod
685 1313 760 1392 iuffi
778 1339 930 1404 eramus,
950 1321 1171 1418 praeconio·
1182 1318 1265 1395 aliud

156 1471 162 1486 ·
218 1430 468 1521 estofficmm,
498 1431 602 1530 quod
621 1451 701 1504 mos
718 1429 963 1517 academicus,
994 1439 1066 1510 nec
1080 1451 1213 1510 temere
1227 1452 1264 1506 u·

219 1571 306 1626 men
323 1543 387 1621 ille
405 1559 467 1622 aut
488 1545 705 1620 constitutus
730 1557 792 1618 aut
814 1543 991 1634 seruatus,
1028 1531 1210 1646 iniungit,
1236 1559 1265 1620 ιι

219 1661 497 1762 disputationem
515 1652 667 1754 superte
682 1657 727 1730 ad
744 1661 958 1732 communia
974 1661 1091 1735 studia
1106 1663 1266 1760 spedanre

218 1777 415 1853 institutam
433 1775 497 1856 iis,
526 1791 621 1868 quac
640 1768 788 1868 publice
806 1776 1038 1866 pronuntiatu
1060 1775 1168 1863 sunt,
1200 1775 1268 1849 sub-

216 1892 422 1986 iungamus.
449 1880 668 1982 'Petamne
698 1883 876 1978 agedum,
913 1903 1180 1983 argumentum
1199 1911 1216 1962 a
1237 1910 1268 1961 re

216 2001 342 2079 mustis
361 1994 483 2100 pnffim
502 1995 726 2072 sermonibus
744 1998 893 2092 agitata,
921 2000 1180 2096 deportatione
1197 2025 1268 2073 reo-

214 2138 298 2192 rum
314 2111 411 2212 apud
434 2107 625 2186 Britannos
642 2111 682 2184 in
698 2107 844 2184 Nouam
863 2107 1072 2190 Cambriam
1092 2113 1269 2192 austraiem

214 2226 328 2326 Regis
342 2220 435 2302 iussu
454 2221 678 2322 Consrliique
696 2217 804 2319 Regii
822 2225 1032 2303 andoritate
1048 2229 1271 2328 Senatusque

214 2340 347 2442 populi
364 2339 455 2417 scito
467 2361 508 2428 ac
525 2337 674 2414 decreto
689 2333 831 2414 sancita.

314 2504 370 2590 ln
387 2507 535 2606 poenis,
552 2527 647 2622 quae
664 2503 876 2580 criminibus
893 2517 930 2580 et
943 2503 1181 2587 facinoribus
1198 2531 1276 2586 con-

212 2621 429 2710 stituuntur,
460 2643 507 2696 cx
524 2594 616 2718 ipsa
616 2639 744 2696 eorum
761 2631 909 2708 natura,
932 2619 1066 2718 culpae
1093 2639 1135 2700 et
1165 2641 1275 2698 reatus

212 2737 542 2835 grauitatcacreip.
560 2731 724 2818 utilitate,
736 2729 964 2822 definiendis,
982 2733 1277 2836 laboratsapien·

168 2873 172 2882 ·
213 2848 426 2926 tiisrmorum
441 2846 635 2922 hominum
650 2841 817 2954 sollertia.
828 2845 1079 2944 multomagis
1099 2854 1142 2926 in
1160 2875 1278 2929 emen-

212 2963 340 3040 dandis
356 2983 449 3060 quae
467 2959 513 3036 de
530 2961 573 3034 iis
588 2959 679 3034 satae
696 2957 779 3032 sunt
792 2957 947 3058 legibus.
1005 2959 1051 3036 In
1069 2966 1276 3042 nostrarum

212 3075 363 3176 quidem
390 3075 580 3151 ciuitatum
613 3092 887 3170 regnorumque
913 3073 1159 3170 primordiis.
1202 3105 1279 3156 cum

210 3193 368 3266 omnino
384 3187 619 3285 prudentium
636 3181 793 3261 confisiis
810 3198 942 3282 pauca,
969 3187 1162 3290 pleraque
1181 3215 1279 3270 more

210 3317 248 3386 ct
275 3303 447 3400 exemplo
476 3301 599 3377 subitis
616 3295 761 3391 ,cautus
791 3312 899 3386 nato,
948 3297 1283 3391 constituerentur,

209 3437 411 3515 poenarum
435 3427 472 3488 et
502 3409 763 3510 suppliciorum
790 3433 925 3507 genera
959 3414 1146 3515 adoptata
1190 3422 1285 3506 sunt,

209 3553 320 3630 quae,
348 3528 581 3619 barbarorum
598 3522 822 3622 populorum
845 3526 1000 3616 ferocia,
1040 3533 1284 3612 truculento-

208 3665 290 3720 rum
306 3640 542 3716 dominorum
558 3641 608 3712 ira
627 3652 664 3712 et
681 3639 879 3735 cupiditate
897 3643 1071 3734 inuenta,
1110 3647 1203 3726 vsus
1222 3649 1282 3724 sre

208 3767 466 3856 quentauerat‚
503 3775 572 3828 nec
591 3754 747 3853 omnino
771 3751 817 3828 dc
841 3755 1042 3834 rationibus
1069 3763 1283 3840 criminum

207 3885 246 3946 et
260 3889 460 3968 poenarum
478 3866 527 3941 esi
541 3866 757 3942 laboratum
814 3859 1054 3946 Consuetudo
1073 3881 1207 3968 eninr,
1231 3901 1284 3951 es-

206 3983 313 4060 clusis
350 3980 451 4080 saepe
486 3980 718 4069 melioribus,
761 4001 872 4080 praua
894 3992 1066 4086 quaeque
1095 4001 1284 4093 tanquan

1161 4109 1284 4206 aliqua
