2672 4746
198 365 256 480 76
283 497 292 513 ἢ
588 299 852 478 'Epimetrrlma

1333 558 1334 618 r

90 675 1123 898 7'0urrmnunum.

18 1102 21 1112 ¹
105 1073 112 1078 ’
193 1001 319 1150 Cum
347 1071 602 1171 praescriptum
629 1067 912 1172 essetbiois‘his
934 1069 1261 1168 commentationi·

160 1219 165 1235 .
189 1175 276 1259 bus,
308 1172 346 1248 dr
369 1175 562 1251 iudiciorum
579 1174 786 1274 publicorum
809 1177 938 1252 ratione
959 1185 991 1248 rt
1019 1173 1132 1248 ordine
1157 1175 1256 1267 apud

74 1369 77 1378 p
189 1273 376 1352 Romanos
391 1289 423 1351 rt
444 1275 589 1354 Grorcm
606 1277 898 1372 disputatum'iri:
933 1275 1013 1352 casu
1039 1273 1256 1370 nescioquo

75 1417 79 1424 ·
188 1377 321 1452 fastum
336 1379 407 1460 est,
431 1369 475 1455 vl
488 1382 534 1455 ad
550 1380 618 1456 alia
632 1403 824 1462 auocarer3
853 1379 950 1454 forte
976 1377 1089 1452 etiam
1112 1377 1256 1452 Graeca

96 1507 103 1520 ¹
188 1477 312 1553 minua
337 1481 412 1557 visa
440 1479 529 1556 sunt'
545 1483 815 1557 accommodata
843 1476 916 1555 elle
943 1479 1028 1554 huie
1054 1477 1256 1573 scriptionis

188 1583 335 1675 generia
361 1585 480 1678 quod,
508 1607 590 1663 cum
602 1585 751 1658 nomine
764 1581 987 1664 Academiae
999 1580 1141 1674 publico
1157 1579 1256 1656 insti-

188 1693 309 1758 tutum
326 1683 380 1768 stt.
400 1689 446 1762 ad
462 1683 621 1766 litteras,
646 1686 775 1778 quibua
791 1684 895 1777 pauci
910 1703 1041 1768 vacare
1053 1679 1193 1775 poliunt
1209 1703 1256 1754 ac
1334 1773 1335 1788 Ν

39 1859 44 1869 ,
90 1867 95 1874 ‚
157 1783 340 1870 debent.
365 1787 463 1866 haud
480 1789 573 1864 bene
595 1779 757 1864 muocaii
778 1785 914 1882 poteli;
947 1805 1066 1878 neque
1095 1782 1253 1860 ollenta·
1334 1809 1335 1860 ῖ

186 1887 296 1962 tionis
319 1887 425 1964 facile
446 1887 748 1982 insimulationem
778 1911 823 1960 ao
843 1885 1073 1981 suspicionem
1099 1879 1255 1980 effugiat

184 1987 237 2065 is,
276 1988 338 2080 qui
363 1989 590 2076 alienoloco
619 2013 661 2063 ac
691 1997 923 2084 tempore-vt
943 1987 1031 2070 alia.
1059 1985 1254 2080 inquibus

69 2163 80 2186 Ι
184 2085 247 2162 sibi
265 2091 622 2184 plantationum
638 2089 893 2170 comambire,
909 2090 959 2162 ita
976 2088 1114 2163 Graeca
1131 2083 1250 2174 iailet.

182 2187 438 2284 Exspeiiabam
460 2215 604 2289 quoque
617 2204 820 2270 accuratam
837 2191 883 2264 de
899 2189 955 2264 his
971 2186 1250 2282 disputationem

184 2291 231 2364 ab
247 2291 344 2376 aliia.
367 2295 432 2390 ‘qui
451 2293 646 2372 studiorum
662 2293 803 2370 suorum
824 2313 942 2368 arcem
971 2291 1041 2368 hou
1057 2293 1094 2364 in
1111 2309 1251 2384 genere

183 2391 407 2484 antiquitatis
444 2403 581 2490 poliere
620 2396 715 2469 velle
758 2395 980 2469 videbuntur·
1056 2390 1116 2468 Eu
1148 2394 1250 2480 enim

62 2499 65 2508 “
182 2511 316 2590 magua
343 2497 464 2572 adhud
486 2511 524 2572 et
541 2496 690 2571 utilioris
711 2495 892 2570 dnttrinae
919 2507 957 2568 et
980 2491 1098 2568 laudis
1123 2491 1251 2586 exqui-

174 2594 270 2672 vsttoe
288 2597 401 2694 sagea,
417 2603 531 2694 ea'que
547 2609 682 2694 perata,
694 2621 741 2674 ex
755 2595 934 2682 duratione
947 2608 984 2672 et
999 2593 1155 2670 doiliure
1169 2615 1252 2684 oras·

8 2749 23 2784 ,
173 2699 302 2774 ‘torum
317 2716 535 2794 ‘graecorum
560 2698 770 2774 trasiatiooe
794 2697 1022 2792 expellenda.
1089 2691 1162 2770 Etsi
1182 2716 1249 2768 au·

85 2803 92 2810 '
179 2807 255 2872 tem
275 2824 323 2874 ne
337 2824 435 2874 nunc
448 2801 593 2894 quidem
610 2798 693 2874 satia
704 2797 880 2874 otiiestad
896 2795 1109 2874 excutienda
1121 2795 1248 2870 omnia

59 2915 63 2922 '
180 2921 243 2982 aa,
266 2901 410 2994 quaein
428 2898 559 2976 Atticis
574 2899 775 2974 oratoribus
790 2899 837 2974 ad
859 2900 1072 2993 iudiciorum
1084 2895 1248 2994 publico-

130 3059 134 3069 .
178 3001 462 3080 rumratiooem
486 3002 735 3076 elucidandam
769 3000 889 3090 secere
913 2999 1056 3096 puffiot:
1087 2999 1247 3076 aliorum

128 3171 129 3180 ,
177 3111 300 3184 tamen
320 3101 520 3184 commodis
540 3125 599 3178 me
620 3101 870 3177 inseruiturum
893 3101 962 3176 else
993 3113 1101 3192 puto,
1123 3095 1244 3186 uiue

23 3271 27 3280 ,
177 3194 342 3296 promisso
359 3225 484 3295 parum
502 3201 783 3287 uermerium,
801 3203 955 3279 summae
984 3201 1106 3280 saltem
1122 3197 1241 3276 linea's

67 3332 71 3341 ·
176 3305 493 3379 commentationis
512 3306 670 3386 duxero,
693 3305 823 3400 quibus
839 3303 943 3380 facile
966 3303 1037 3380 erit
1060 3316 1100 3380 et
1119 3303 1243 3379 elabo-

172 3415 289 3498 ratam
302 3403 519 3499 singularum
538 3407 692 3498 partium
707 3403 997 3482 informationem
1013 3406 1100 3482 dare
1121 3417 1160 3479 et
1181 3425 1243 3478 co-

79 3507 82 3524 '
173 3505 292 3580 lorum
314 3511 497 3602 pigmenta
514 3507 658 3589 addere.
696 3505 842 3586 Soneio
857 3505 1065 3602 vulgaribus
1081 3527 1240 3603 quoqne,

171 3603 336 3700 inprimis
351 3607 573 3704 antiquitatis
595 3609 775 3692 Graecae,
800 3607 872 3684 hoc
889 3606 1116 3690 elillttieae.
1138 3607 1237 3684 librir

76 3795 82 3806 ¹
172 3709 288 3784 multa
307 3710 353 3782 de
370 3709 426 3783 hia
443 3708 534 3784 tradi
554 3707 839 3804 solemniorum
862 3707 1047 3786 versantur
1060 3709 1126 3785 viri
1143 3699 1236 3788 dotti

139 3853 145 3868 ·
170 3809 209 3884 in
226 3807 345 3884 verbis
360 3810 570 3886 enarrandis
594 3822 633 3885 et
656 3807 899 3907 declarandis.
932 3811 991 3887 vix
1018 3797 1176 3906 vuqlram
1198 3810 1238 3888 in

123 3959 127 3968 ·
169 3906 242 4002 ipsa
260 3933 298 3984 re
312 3911 493 3988 iudiciaria
509 3911 767 3989 constituenda.
818 3909 931 3990 Nobis
947 3933 1022 3988 nun
1039 3913 1086 3988 de
1103 3911 1235 3998 uerbis.

169 4009 231 4086 sed
248 4009 295 4086 de
309 4010 381 4105 ipsa
397 4035 438 4088 re
452 4013 690 4113 laborandum
709 4021 806 4098 erat,
833 4011 929 4088 etde
943 4013 1150 4090 notionibus
1163 4014 1236 4089 ela·

118 4173 121 4182 ,
168 4113 219 4190 rie
236 4125 275 4190 et
295 4111 476 4216 diliiniiia.
535 4115 637 4201 Quae
661 4127 784 4192 tamen
812 4112 1004 4192 tamnen
1030 4114 1127 4198 sunt.
1160 4115 1233 4190 leui

97 4240 104 4250 ’
295 4242 333 4264 ·¹
438 4265 442 4277 ι
598 4259 604 4270 ·
1079 4232 1245 4298 tantum.
