2604 4740
166 337 245 422 :in
262 282 871 465 sacris'unniuerfiuriirnm
976 317 1061 452 2'33
1177 395 1187 410 =

43 535 174 614 ratuni?
196 557 349 636 quaeque
365 519 436 620 nou
450 536 512 638 ipfr
530 537 586 616 his
602 539 847 659 deliramentis
873 541 918 619 de
939 543 1062 620 nolito

41 649 239 727 addidimus!
284 649 431 730 Vtinam
468 651 603 733 saltem.
627 655 822 734 nobiscum
858 671 931 731 tam
970 659 1063 734 bede

41 767 146 842 arium
167 761 256 854 ellet,
285 779 342 855 vt,
371 789 465 866 quae
483 789 550 843 nos
565 779 819 850 totannorum
841 767 1065 846 lucubratio-
1188 835 1194 860 ,

44 880 150 966 nibus,
165 879 248 954 curis
266 901 308 958 ac
325 881 449 956 studiis
467 883 779 982 excogitauimur,
806 883 1065 983 perspeximus,

43 993 80 1064 ad
94 993 252 1089 liquidum
276 996 533 1092 perduximus,
550 997 601 1070 ⁴in
628 997 878 1074 roumfnltem
904 995 1065 1098 aliquem
1119 973 1123 981 ¹
1195 1049 1198 1054 -

37 1127 76 1178 en
100 1105 178 1180 carin
201 1119 236 1182 et
262 1105 500 1185 familiaribus
529 1111 656 1186 nostris
684 1110 876 1188 transferte
900 1122 937 1186 et
968 1109 1066 1210 quali

37 1217 260 1297 transfundere
275 1223 428 1322 eiusque
447 1223 572 1299 animo
587 1221 758 1300 instillare
784 1221 972 1324 pellimus!
1001 1228 1069 1299 nti·
1206 1256 1210 1284 .

37 1353 104 1408 nrm
122 1347 261 1435 naturae
277 1335 455 1413 beneficio
472 1333 677 1416 concellum
693 1334 797 1426 ellet,
823 1337 973 1438 quando
998 1359 1068 1414 noa

37 1444 149 1522 devita
172 1445 400 1538 decedimus,
423 1449 553 1539 alium,
578 1453 643 1550 qui
659 1450 754 1528 idern
774 1451 972 1530 studiorum
987 1475 1069 1528 cur
1204 1451 1209 1470 '

38 1557 201 1652 riculum,
235 1563 505 1664 disciplinarum
543 1564 715 1656 stadium,
752 1561 970 1664 ingrellurua
1007 1565 1086 1656 eft.

38 1673 539 1777 conniruereeoiuvesttgio.
566 1680 703 1778 inquo
727 1692 871 1756 nosmet
899 1677 962 1778 ipli
988 1701 1070 1768 cur-

40 1785 373 1890 lumabrumpimns!
401 1791 547 1885 Quanta
571 1807 648 1869 tuna
664 1795 757 1870 intra
787 1795 899 1870 breue
924 1805 1070 1909 tempue

41 1897 245 1980 litterarum
235 1923 460 1982 incrementa
491 1903 569 1982 fore
597 1905 825 2006 putabimus!
865 1905 941 1985 lam
968 1929 1068 1994 vero.
1131 2003 1134 2008 Ι

42 2015 251 2095 ruinoitrum
282 2019 414 2118 aliquis
438 2018 484 2096 ad
512 2034 711 2108 extremam
736 2019 871 2098 calcem
897 2022 1070 2120 perrexit.
1107 2059 1111 2068 ι

38 2131 192 2208 eccealter
208 2134 368 2210 eundem
379 2131 522 2210 cursum
539 2155 559 2209 a
578 2135 779 2212 carceribus
797 2135 949 2210 orditur.
975 2131 1011 2210 Τ
1012 2156 1070 2210 am

37 2259 67 2334 na
72 2267 139 2322 rum
156 2246 291 2324 fruitus
311 2270 358 2322 ex
377 2247 500 2324 molito
518 2245 649 2324 fudore
665 2269 712 2326 ac
736 2245 996 2346 defatigatione
1014 2269 1072 2324 ca·
1107 2285 1114 2300 ¹

37 2359 122 2449 piune
141 2359 222 2452 alii,
272 2375 311 2437 nt
335 2375 410 2438 tota
438 2363 509 2435 nita
536 2359 778 2461 comparanda
806 2357 878 2437 elle
907 2360 1071 2438 rideatur
1206 2399 1209 2410 ·

37 2491 100 2545 turn
120 2473 224 2551 lodie
236 2473 476 2560 circenibus.
506 2475 641 2572 quibus
665 2473 758 2552 nihil
784 2472 1072 2572 aliudpropofi·
1161 2473 1175 2553 't

37 2599 96 2659 tum
114 2583 171 2676 fit,
211 2580 323 2688 qu'arn
343 2595 382 2664 'ut
396 2587 566 2664 decursus
588 2589 685 2666 nicea
714 2591 858 2664 iteratae
890 2587 968 2663 aliis
993 2587 1072 2684 spe-r
1161 2579 1165 2599 '

36 2698 131 2777 dandi
157 2702 388 2800 voluptatem
412 2701 583 2786 afferant,
629 2691 797 2778 decursus
828 2696 1073 2796 ipse-liniatur

34 2833 229 2914 nunquam·
274 2815 414 2892 Interea
430 2833 486 2891 rot
504 2817 658 2893 eximiae
674 2837 717 2892 ac
742 2813 945 2913 praeclarae
971 2815 1074 2909 inge·
1114 2832 1116 2842 ’

34 2931 158 3009 ntorum
177 2913 282 3014 uires,
302 2947 373 3006 tarn
392 2930 564 3029 operulae
579 2952 703 3011 earum
723 2928 982 3028 expolitiones,
997 2941 1074 3004 tam

35 3043 212 3140 exquisitae
227 3043 472 3121 deficientum
489 3063 579 3141 opes
596 3065 671 3122 nno
692 3056 882 3120 momento
900 3039 1072 3140 cumipse
1148 3055 1152 3072 ·

36 3158 88 3230 rita
105 3156 346 3246 euanefcunt,
372 3161 575 3250 intereunt3
599 3160 728 3246 itant,
761 3157 908 3256 quoties
933 3155 986 3230 uir
1004 3153 1072 3230 do·
1115 3233 1121 3250 ,

34 3265 324 3359 dus,iitterarum
341 3285 377 3349 et
391 3271 633 3350 doctrinarum
651 3273 768 3370 copiis
783 3270 928 3368 egregie
945 3267 1074 3348 inlitu·
1146 3263 1153 3281 ¹
1212 3294 1227 3371 g

35 3379 113 3474 clus,
142 3385 189 3464 ad
209 3384 277 3461 fata
295 3385 353 3462 fua
371 3404 557 3486 properat
587 3385 714 3462 locum
736 3381 974 3461 babeatillud
994 3375 1075 3460 ttc
1191 3474 1207 3490 ‘

34 3500 131 3586 rnnir.
162 3499 265 3598 quod
283 3497 346 3576 iub
368 3515 527 3578 extrema
546 3501 639 3576 ritae
660 3495 725 3576 ille
739 3495 949 3576 idemtidem
973 3493 1075 3574 ditia·

33 3621 90 3686 tare
104 3611 259 3693 solebat.
290 3613 405 3717 Qrmlu
422 3615 544 3715 ortffrx
565 3615 736 3783 putul

128 3841 255 3920 Multo
279 3844 387 3920 etiam
411 3827 558 3942 gratnm
580 3840 730 3942 querela
751 3840 798 3918 de
823 3851 971 3916 naturae
1004 3767 1075 3912 inl·

34 3954 154 4046 quitate
171 3955 332 4034 adbiberi
348 3955 484 4056 potell,
515 3955 686 4033 ilartium
701 3953 969 4054 ingeniosorum
983 3969 1073 4028 cun·

34 4064 194 4148 ditionem
232 4083 462 4172 reputemus.
515 4069 667 4172 quando
697 4091 778 4149 nou
808 4067 919 4148 animi
943 4057 1072 4151 modo.
1125 4057 1131 4068 ⁴
1191 4144 1195 4152 ,

422 4229 449 4258 -.
538 4177 641 4279 ,Ρς
754 4218 832 4300 ια
943 4162 1090 4278 rerums
1181 4229 1189 4258 r
