2672 4746
668 132 680 178 h

181 305 264 464 ἰιι
319 282 591 468 hunginqrrar.
614 351 655 448 in
671 284 859 440 barbaros
875 321 1043 472 torpedit.
1066 347 1239 522 diffie}

119 610 121 616 ι
206 523 291 638 nem
311 559 469 657 partium
474 553 634 643 afferat,
674 535 840 634 dubitare
859 555 957 634 haud
983 557 1071 638 iicet
1082 581 1138 636 ex
1165 575 1262 659 prae

204 675 294 750 senti
312 672 438 768 hahita
454 693 497 746 ac
512 655 681 763 fortuna3
710 695 831 747 rerum
848 685 968 749 tamen
984 689 1022 749 et
1035 672 1262 754 historiarum

116 845 120 864 .
204 786 267 866 ,vsu
284 783 432 865 edotius
449 807 618 894 augurum
608 783 749 883 potest
763 785 917 916 aliquis,
953 805 1039 884 per
1033 785 1177 864 mustos
1201 761 1262 863 aii

200 900 290 978 huc.
305 921 421 974 annos
446 887 581 974 iliud·
570 921 609 974 ιιι
637 897 774 976 summa
805 901 980 974 virorum·
998 902 1261 1000 copiarumque

62 1081 70 1100 „
201 1015 354 1113 penuria
375 1009 444 1087 esse
464 1005 697 1100 duraturum,
725 1013 844 1090 donec
861 1034 1018 1112 corpore
1032 1037 1169 1114 magno
1182 1028 1261 1090 tan·

201 1149 312 1227 quam
340 1126 423 1202 eabe
449 1115 642 1212 ¹consumto
672 1125 877 1225 putrescant
898 1130 1062 1205 membra
1087 1140 1262 1228 extrema.

120 1285 130 1300 .
199 1242 290 1334 etin
310 1240 546 1318 interioribus
568 1241 770 1339 prouinciis
798 1242 1028 1344 exoriantur,
1072 1243 1138 1340 qui
1162 1265 1260 1320 noua

46 1357 48 1362 ’
96 1332 100 1342 ’
197 1365 309 1452 tegna
326 1375 481 1430 numero
504 1353 609 1452 plura
636 1355 876 1440 constituant.
914 1353 1067 1432 meliora
1090 1351 1134 1430 an
1160 1355 1260 1432 dete·

181 1469 293 1556 ,riora'
310 1471 392 1568 quia
409 1469 614 1565 praedicere
631 1466 742 1544 aunt?
775 1462 932 1546 si'ieiiora
956 1467 1097 1566 sperare
1119 1468 1259 1558 liceret,

196 1581 382 1658 siartium
412 1597 450 1656 et
485 1579 686 1658 litterarum
719 1581 915 1662 nt'esiorum
970 1581 1260 1663 increbescereut

131 1775 134 1782 .
193 1697 289 1772 iuter
306 1694 636 1772 Mohammedano'e
650 1695 784 1784 studia,
804 1696 972 1794 inprimis
992 1693 1257 1796 philosophiae,

192 1801 275 1906 ptrue
298 1801 542 1908 iopoprrlornnr
565 1811 717 1910 institutis
731 1821 761 1884 et
775 1807 896 1905 segnem·
901 1807 1139 1909 scribendorum
1152 1811 1260 1912 soen-

46 1913 50 1934 ’·
80 1903 88 1922 “
123 1953 126 1964 ·
180 1929 241 2004 [tio
255 1923 425 2024 versatum
442 1923 531 1999 haec
550 1926 647 2000 euim
663 1923 825 2000 diuinior
840 1921 1010 2020 sapientia
1029 1919 1259 2000 nisiacceism

122 2083 123 2088 ι
191 2039 249 2124 ιιι,
257 2060 354 2138 quae
361 2059 437 2146 per
453 2060 602 2114 omnem
613 2035 742 2124 tuam,
761 2039 991 2136 omninoque
1006 2036 1123 2135 longe
1140 2039 1258 2117 maxi

189 2175 287 2228 mam
303 2167 479 2228 terrarum
496 2152 764 2248 hominumque
782 2164 918 2248 partem
936 2153 1146 2272 ignoratur,
1174 2149 1257 2228 seii
1264 2217 1272 2222 .

119 2257 131 2267 '
176 2269 276 2341 scitas
297 2265 442 2364 publica
461 2266 687 2367 populorum
702 2259 793 2341 nihii
810 2264 919 2418 hahet
943 2265 1020 2364 quo
1034 2263 1257 2344 sustentetur

186 2389 250 2490 aut
279 2381 497 2458 excitetur.
866 2409 875 2418 ⁸

299 2603 501 2686 Videamus
523 2607 790 2706 adhucpaueir
810 2606 855 2682 de
879 2605 1014 2682 altero:
1053 2599 1254 2682 satiatum

176 2725 224 2826 fit
238 2727 340 2800 omnis
360 2721 479 2808 metor,
501 2750 539 2798 ne
553 2721 769 2796 barbarorum
793 2723 828 2796 ιιι
853 2718 1029 2816 Europam
1057 2721 1252 2819 irmrfionrr

173 2839 277 2938 stunt.
335 2835 373 2913 Si
398 2828 802 2938 exenrpiir'agiturren:
839 2831 1063 2934 supratique
1080 2834 1127 2920 ab
1142 2836 1249 2917 omni

110 2987 114 3007 ι
180 2951 268 3026 ιιιιιι
286 2949 437 3058 humani
453 2951 596 3048 generis
611 2947 828 3054 originetot
857 2947 1026 3046 exempla
1052 2943 1250 3048 potento-

180 3073 277 3141 nunt
290 3065 529 3140 harbarorum
551 3061 778 3162 populorum
799 3061 845 3137 ad
868 3073 1250 3139 extremae‘terrarum

107 3235 126 3296 t
179 3193 334 3268 ornent,
348 3181 451 3278 quod
466 3193 540 3262 tarn
557 3173 803 3273 saepefatum
821 3176 933 3273 legar,
950 3177 1057 3252 etiam
1069 3177 1108 3251 io
1120 3197 1247 3252 rerum

178 3306 465 3393 temporumque
487 3293 722 3396 conditione,
749 3311 844 3388 quae
869 3287 1013 3366 nullum
1037 3261 1130 3368 talia
1142 3287 1250 3366 casus

129 3397 157 3504 ,’
177 3421 317 3508 metum
334 3409 560 3496 admitteret,
579 3403 621 3482 id
634 3389 759 3480 futuro
774 3418 942 3522 ternpore
956 3425 1146 3503 nunquam
1164 3399 1249 3480 sieri

48 3539 72 3570 ·=
102 3499 108 3526 ³
175 3518 275 3624 posse
295 3523 357 3598 vix
377 3521 572 3599 asseuerare
590 3519 734 3595 audeat
793 3493 942 3610 Quot
923 3527 1113 3614 aequante
1129 3535 1248 3614 regua

45 3663 56 3678 ⁸
176 3651 213 3713 et
222 3659 402 3746 tmpena
421 3636 488 3724 alia
514 3631 662 3714 condito
682 3633 917 3730 meminimus
941 3631 1136 3708 abarharia
1158 3628 1246 3706 lon·

51 3791 55 3801 ·
130 3739 132 3748 ’
175 3753 333 3851 ginquas
350 3741 460 3850 terrap
474 3747 754 3834 incursantibus,
766 3743 842 3821 asia
849 3741 975 3820 euersa
989 3765 1032 3820 ac
1047 3723 1245 3844 prostrqta!

112 3940 117 3948 .
174 3855 364 3944 Nolumus
392 3883 671 3952 annumerare,
664 3881 794 3960 quae
822 3857 887 3934 sub
913 3859 1057 3956 generis
1086 3855 1248 3935 humani

172 3979 344 4082 vitaeque
364 3983 529 4059 moribus
554 3991 591 4056 et
607 3959 745 4054 artibus
768 3971 973 4050 excultae
963 3961 1085 4074 initia,
1118 3972 1247 4047 omni-

170 4115 298 4198 noque
318 4063 588 4217 antiquioribus
604 4089 802 4178 aeta'tihua,
831 4087 942 4165 rehtu
964 4063 1252 4290 nonduqttsatiq

888 4225 893 4230 ·
1022 4221 1094 4276 con
1124 4199 1242 4276 ιιιιιι
