2742 4732
105 393 111 412 ·
156 465 159 476 Ι
207 343 276 447 'ex
301 359 373 448 G'r.
393 355 649 476 Romanisque
673 354 957 496 Apennino..
996 411 999 418 ’
1038 373 1116 465 501
1186 347 1194 382 ⁸

159 547 444 663 Antiquioribbs
478 567 707 666 temporibus
738 563 915 666 frequens
930 560 1133 646 :fortunae

4 673 256 756 remedium
268 697 361 770 erat,
391 685 430 756 in
455 682 621 760 colonias
649 673 782 757 deduci
804 681 923 756 autin
948 675 1116 754 colonias
1152 743 1154 754 .

4 815 163 890 nuper
180 793 352 869 dedutlas
379 800 478 872 exire
504 819 717 894 nomenque
743 793 917 894 profiteri.
975 789 1117 888 Magna

4 897 288 986 coloniarum
305 931 372 1008 pet
398 909 559 988 Siciliam
584 925 620 998 et
638 909 780 988 Italiam
801 931 881 1006 pars
901 905 978 982 suas
1001 904 1115 1002 origi·
1157 899 1160 907 ’

7 1047 103 1098 nes
123 1022 300 1098 exulibus
313 1026 465 1118 debuit3
496 1027 604 1102 multi
622 1028 658 1100 in
670 1023 929 1102 Macedoniam
945 1017 1114 1096 acThra-

5 1140 133 1214 ciam
160 1136 205 1210 ed
231 1162 346 1212 nouas
364 1137 465 1214 ledes
488 1140 712 1238 quaerendas
737 1133 980 1216 discellerunt.
1040 1131 1115 1232 Alii

4 1251 237 1332 militatum
257 1251 379 1328 obiere
399 1257 438 1330 in
455 1253 570 1334 Alieno
591 1275 610 1332 a
632 1249 816 1330 Persarum
837 1273 922 1350 rege
942 1246 1112 1324 mercede

5 1365 212 1443 condueli
228 1359 284 1464 g).
345 1365 467 1474 Atque
484 1371 533 1446 ite
551 1371 687 1456 euenit,
708 1379 748 1442 vt
764 1355 1114 1444 confluentioGraess
1206 1361 1234 1409 ”³

8 1503 168 1558 corum
203 1481 300 1556 inter
326 1481 500 1560 barbaros
532 1483 688 1560 exulum
714 1483 859 1579 agmina
893 1479 938 1554 ad
964 1476 1112 1589 eulturu

8 1597 134 1670 vitae
157 1593 266 1700 latius
291 1596 555 1694 proferendum
574 1618 746 1695 magnam
765 1581 957 1672 utilitaiem
973 1591 1114 1666 habuc·
1210 1637 1214 1653 ·

14 1709 134 1795 ribt,
177 1731 255 1788 non
283 1713 404 1788 rninus
441 1733 552 1812 quom
583 1711 849 1796 recentioribus
879 1705 1110 1804 temporibus

14 1823 168 1900 exules
192 1827 231 1898 iu
248 1818 451 1904 Amerinam
476 1827 646 1926 profugi,
677 1840 741 1910 eut
757 1839 903 1926 patrum
929 1820 1125 1898 memoria·

15 1937 168 2014 exules
192 1961 212 2014 a
237 1941 382 2015 ciuibus
408 1963 519 2018 caeco
542 1941 792 2037 religiosorum
811 1938 1033 2038 opinionum
1051 1932 1110 2006 lu·

14 2075 121 2130 rore
147 2048 378 2130 inflammatis
404 2051 525 2131 Gallia
554 2055 665 2130 eieili.
741 2049 870 2144 Quid?
906 2047 1108 2150 quodiam
1218 2063 1225 2076 ⁴
1281 2085 1298 2118 a

15 2169 66 2242 in
98 2163 185 2266 lpfis
201 2165 377 2246 Graeciae
404 2170 611 2268 originibus
642 2165 771 2264 exules
793 2163 955 2242 Cadmus
978 2177 1015 2240 et
1031 2157 1110 2240 Da.
1143 2219 1146 2238 .

14 2305 128 2358 nous
161 2283 254 2359 vitae
282 2282 405 2358 cultus
425 2285 521 2360 inter
540 2285 713 2360 barbaros
738 2281 847 2380 primi
865 2279 967 2357 fuere
987 2277 1111 2354 audio·
1228 2335 1233 2345 .

19 2377 116 2487 res'3
150 2379 271 2472 lones
285 2395 495 2501 Aeolesque
518 2397 646 2474 exules
665 2395 763 2472 tuae
786 2395 910 2472 littora
941 2372 1107 2504 urbibus}

17 2507 195 2622 artibus,
223 2513 474 2612 summersis,
502 2509 802 2611 frequentarunt!
845 2509 950 2586 Adeo
968 2510 1007 2584 in
1025 2504 1107 2612 fatis

20 2625 127 2711 suit,
157 2639 203 2716 ut
231 2648 298 2721 per
320 2625 430 2700 exilia
456 2649 610 2726 quoque
635 2625 758 2702 cultus
780 2624 930 2702 hannani
959 2621 1106 2720 generis
1247 2609 1258 2642 ⁸

19 2736 517 2838 interdumpropagaretur,
545 2743 648 2841 quod
666 2745 702 2816 in
721 2737 864 2817 ludaeis
883 2740 922 2813 in
939 2733 1105 2812 Mediam
1221 2781 1229 2824 ·.

18 2869 67 2932 et
87 2849 270 2931 Perfidem
298 2855 461 2932 abdullis
484 2858 558 2932 iam
582 2851 740 2932 euenille
763 2854 842 2944 setis
869 2849 1029 2936 colebat,
1068 2859 1109 2924 Vt

18 2965 97 3068 ipfi
125 2967 212 3044 inde
236 2969 389 3046 reduces
416 2970 571 3069 o‘prilca
605 2973 769 3046 barbarie
795 2969 1025 3067 aliquantum
1045 2961 1109 3037 de·

18 3078 223 3160 l'ciuillent.
284 3081 414 3175 Quid?
444 3084 547 3184 quod
574 3083 715 3160 litterae
740 3099 777 3162 et
795 3099 889 3164 artes
910 3103 974 3179 per
994 3071 1124 3154 exilia*
1244 3113 1250 3130 ·

21 3201 69 3274 in
96 3195 184 3272 alias
215 3209 329 3272 terres
363 3197 465 3274 luere
494 3215 739 3298 propagatae3
791 3199 891 3274 vti=a
915 3191 1125 3292 Physcone.

19 3309 248 3390 Ptolemaeo
274 3309 367 3410 pulli
391 3312 610 3392 Alexandria
635 3313 701 3388 viri
728 3309 876 3390 litterati
903 3307 1106 3406 utentibus
1147 3337 1151 3351 ·

6 3423 342 3505 'clari'litterarum
367 3427 480 3502 studia
504 3443 542 3512 et
562 3428 696 3504 artium
723 3415 957 3506 commercia
972 3427 1107 3500 lterum

23 3536 70 3618 in
98 3537 232 3616 insulas
251 3539 484 3648 Archipelagl
512 3541 618 3617 bellis
644 3539 885 3620 luccellorum
905 3522 1119 3632 Alexandri

25 3653 225 3734 exhaustas
250 3678 294 3734 uc
321 3657 481 3767 direptas
506 3651 666 3758 iutulille
689 3671 951 3734 memorantur.
1021 3649 1109 3742 Qua

594 3769 632 3847 ll
667 3795 684 3864 3
855 3785 860 3798 ·
897 3863 901 3870 Ι
954 3767 1110 3868 quidem

84 3912 129 3994 g)
146 3911 161 3984 <
170 3909 340 3976 illustrauit
350 3910 412 3978 hoc
427 3933 468 3978 nu
492 3927 526 3978 er
540 3915 778 3986 rudioritatibur
788 3911 1107 3982 leudetlrvirdoilisl'.
1159 3885 1162 3892 ¹

58 4000 63 4015 '
147 3993 292 4078 Boutger
316 3996 450 4080 Specim.
469 3935 598 4065 A'erent.
623 4001 715 4066 iabbn
733 4025 762 4086 p.
775 4019 825 4082 43.
842 4019 905 4079 43„
935 3999 1051 4064 Melius
1074 3999 1109 4065 bi
1191 4039 1195 4054 ι

148 4077 218 4148 ΐιδὶ,
236 4079 436 4155 consuluere,
474 4103 567 4168 quem
594 4084 727 4148 Romani
760 4085 869 4162 exules
896 4087 982 4150 inter
1002 4081 1109 4148 Sullae

136 4159 408 4310 proscriptiones,
431 4169 484 4248 qui
505 4172 543 4230 ad
562 4169 677 4270 piratas
697 4169 960 4246 leonumlonum,
983 4179 1017 4234 vt
1031 4167 1113 4256 opud
1147 4190 1157 4260 j

177 4247 355 4352 lutarebum
371 4261 403 4314 et
421 4251 599 4336 Appianum
613 4251 779 4340 legimus.)
1226 4263 1231 4286 ¹

139 4317 143 4326 ι

156 4346 160 4357 Δ
