<?xml version="1.0" encoding="UTF-8"?>
<!DOCTYPE html PUBLIC "-//W3C//DTD XHTML 1.0 Transitional//EN"
    "http://www.w3.org/TR/xhtml1/DTD/xhtml1-transitional.dtd">
<html xmlns="http://www.w3.org/1999/xhtml" xml:lang="en" lang="en">
 <head>
  <title>
</title>
<meta http-equiv="Content-Type" content="text/html;charset=utf-8" />
  <meta name='ocr-system' content='tesseract 3.04.00' />
  <meta name='ocr-capabilities' content='ocr_page ocr_carea ocr_par ocr_line ocrx_word'/>
</head>
<body>
  <div class='ocr_page' id='page_1' title='image "./opusculaacademi01heyngoog/opusculaacademi01heyngoog_0270.png"; bbox 0 0 2604 4740; ppageno 0'>
   <div class='ocr_carea' id='block_1_1' title="bbox 408 313 1240 492">
    <p class='ocr_par' dir='ltr' id='par_1_1' title="bbox 408 313 1240 492">
     <span class='ocr_line' id='line_1_1' title="bbox 408 313 1240 492; baseline 0.013 -54"><span class='ocrx_word' id='word_1_1' title='bbox 408 365 444 438; x_wconf 83' lang='lat' dir='ltr'>er</span> <span class='ocrx_word' id='word_1_2' title='bbox 475 322 658 492; x_wconf 72' lang='lat' dir='ltr'>praemio.</span> <span class='ocrx_word' id='word_1_3' title='bbox 704 379 729 460; x_wconf 63' lang='lat' dir='ltr'>g·</span> <span class='ocrx_word' id='word_1_4' title='bbox 974 343 1060 468; x_wconf 60' lang='grc' dir='ltr'>’πός</span> <span class='ocrx_word' id='word_1_5' title='bbox 1234 313 1240 326; x_wconf 17' lang='grc' dir='ltr'>ἱ</span> 
     </span>
    </p>
   </div>
   <div class='ocr_carea' id='block_1_2' title="bbox 68 542 1161 1688">
    <p class='ocr_par' dir='ltr' id='par_1_2' title="bbox 68 542 1161 1688">
     <span class='ocr_line' id='line_1_2' title="bbox 83 542 1059 662; baseline -0.001 -24"><span class='ocrx_word' id='word_1_6' title='bbox 83 555 236 662; x_wconf 69' lang='lat' dir='ltr'>onnam</span> <span class='ocrx_word' id='word_1_7' title='bbox 253 555 454 655; x_wconf 84' lang='lat' dir='ltr'>quomodo</span> <span class='ocrx_word' id='word_1_8' title='bbox 429 581 486 641; x_wconf 79' lang='lat' dir='ltr'>nr.</span> <span class='ocrx_word' id='word_1_9' title='bbox 528 580 609 652; x_wconf 83' lang='lat' dir='ltr'>quae</span> <span class='ocrx_word' id='word_1_10' title='bbox 635 555 841 634; x_wconf 78' lang='lat' dir='ltr'>tradiderunt</span> <span class='ocrx_word' id='word_1_11' title='bbox 862 542 1059 649; x_wconf 81' lang='lat' dir='ltr'>Evcurnus,</span> 
     </span>
     <span class='ocr_line' id='line_1_3' title="bbox 80 668 1061 762; baseline 0.002 -14"><span class='ocrx_word' id='word_1_12' title='bbox 80 673 329 758; x_wconf 64' lang='lat' dir='ltr'>lacrimans.</span> <span class='ocrx_word' id='word_1_13' title='bbox 372 670 630 746; x_wconf 78' lang='lat' dir='ltr'>Aeouuuurvs</span> <span class='ocrx_word' id='word_1_14' title='bbox 628 668 858 762; x_wconf 77' lang='lat' dir='ltr'>Persuasus,</span> <span class='ocrx_word' id='word_1_15' title='bbox 902 669 1061 754; x_wconf 79' lang='lat' dir='ltr'>innitatur</span> 
     </span>
     <span class='ocr_line' id='line_1_4' title="bbox 81 785 1161 882; baseline 0.002 -20"><span class='ocrx_word' id='word_1_16' title='bbox 81 787 343 882; x_wconf 64' lang='lat' dir='ltr'>calcularirrtr&#39;nitr&#39;.</span> <span class='ocrx_word' id='word_1_17' title='bbox 406 814 408 825; x_wconf 72' lang='grc'>’</span> <span class='ocrx_word' id='word_1_18' title='bbox 784 837 791 854; x_wconf 59' lang='grc' dir='ltr'><em>ι</em></span> <span class='ocrx_word' id='word_1_19' title='bbox 1154 785 1161 798; x_wconf 83' lang='grc'>’</span> 
     </span>
     <span class='ocr_line' id='line_1_5' title="bbox 130 897 1061 1011; baseline 0.011 -41"><span class='ocrx_word' id='word_1_20' title='bbox 130 897 192 972; x_wconf 86' lang='lat' dir='ltr'>llix</span> <span class='ocrx_word' id='word_1_21' title='bbox 211 900 540 986; x_wconf 70' lang='lat' dir='ltr'>ravennicam,</span> <span class='ocrx_word' id='word_1_22' title='bbox 568 921 657 976; x_wconf 89' lang='lat' dir='ltr'>nou</span> <span class='ocrx_word' id='word_1_23' title='bbox 666 899 838 1011; x_wconf 79' lang='lat' dir='ltr'>postulari</span> <span class='ocrx_word' id='word_1_24' title='bbox 858 901 1061 980; x_wconf 83' lang='lat' dir='ltr'>absolutum</span> 
     </span>
     <span class='ocr_line' id='line_1_6' title="bbox 75 999 1062 1108; baseline 0.007 -23"><span class='ocrx_word' id='word_1_25' title='bbox 75 1010 204 1108; x_wconf 81' lang='lat' dir='ltr'>systema</span> <span class='ocrx_word' id='word_1_26' title='bbox 222 1011 374 1097; x_wconf 89' lang='lat' dir='ltr'>calculi,</span> <span class='ocrx_word' id='word_1_27' title='bbox 405 1011 462 1086; x_wconf 87' lang='lat' dir='ltr'>sed</span> <span class='ocrx_word' id='word_1_28' title='bbox 482 1012 666 1108; x_wconf 87' lang='lat' dir='ltr'>eruendas</span> <span class='ocrx_word' id='word_1_29' title='bbox 667 1003 742 1088; x_wconf 83' lang='lat' dir='ltr'>elle</span> <span class='ocrx_word' id='word_1_30' title='bbox 761 1037 806 1090; x_wconf 87' lang='lat' dir='ltr'>ex</span> <span class='ocrx_word' id='word_1_31' title='bbox 831 999 1006 1090; x_wconf 83' lang='lat' dir='ltr'>m&#39;erhodo</span> <span class='ocrx_word' id='word_1_32' title='bbox 1026 1031 1062 1092; x_wconf 90' lang='lat' dir='ltr'>et</span> 
     </span>
     <span class='ocr_line' id='line_1_7' title="bbox 73 1125 1152 1224; baseline 0.009 -27"><span class='ocrx_word' id='word_1_33' title='bbox 73 1125 235 1223; x_wconf 85' lang='lat' dir='ltr'>exemplis</span> <span class='ocrx_word' id='word_1_34' title='bbox 252 1127 487 1222; x_wconf 91' lang='lat' dir='ltr'>antiquorum</span> <span class='ocrx_word' id='word_1_35' title='bbox 508 1127 676 1202; x_wconf 82' lang='lat' dir='ltr'>notiones</span> <span class='ocrx_word' id='word_1_36' title='bbox 697 1143 733 1204; x_wconf 86' lang='lat' dir='ltr'>et</span> <span class='ocrx_word' id='word_1_37' title='bbox 747 1128 1061 1224; x_wconf 75' lang='lat' dir='ltr'>propolitiunesa</span> <span class='ocrx_word' id='word_1_38' title='bbox 1093 1159 1097 1174; x_wconf 93' lang='lat'><strong>·</strong></span> <span class='ocrx_word' id='word_1_39' title='bbox 1148 1147 1152 1156; x_wconf 88' lang='grc'><strong>“</strong></span> 
     </span>
     <span class='ocr_line' id='line_1_8' title="bbox 71 1238 1061 1341; baseline 0.009 -31"><span class='ocrx_word' id='word_1_40' title='bbox 71 1239 194 1334; x_wconf 83' lang='lat' dir='ltr'>quibus</span> <span class='ocrx_word' id='word_1_41' title='bbox 215 1239 379 1336; x_wconf 87' lang='lat' dir='ltr'>pendent</span> <span class='ocrx_word' id='word_1_42' title='bbox 400 1253 587 1340; x_wconf 86' lang='lat' dir='ltr'>praecepta</span> <span class='ocrx_word' id='word_1_43' title='bbox 612 1238 763 1326; x_wconf 89' lang='lat' dir='ltr'>calculi,</span> <span class='ocrx_word' id='word_1_44' title='bbox 794 1253 871 1316; x_wconf 89' lang='lat' dir='ltr'>tum</span> <span class='ocrx_word' id='word_1_45' title='bbox 893 1245 969 1316; x_wconf 87' lang='lat' dir='ltr'>eius</span> <span class='ocrx_word' id='word_1_46' title='bbox 996 1247 1061 1341; x_wconf 91' lang='lat' dir='ltr'>qui</span> 
     </span>
     <span class='ocr_line' id='line_1_9' title="bbox 69 1351 1058 1454; baseline 0.007 -30"><span class='ocrx_word' id='word_1_47' title='bbox 69 1353 301 1428; x_wconf 85' lang='lat' dir='ltr'>variationum</span> <span class='ocrx_word' id='word_1_48' title='bbox 342 1351 635 1427; x_wconf 76' lang='lat' dir='ltr'>euanel&#39;centium</span> <span class='ocrx_word' id='word_1_49' title='bbox 670 1353 827 1453; x_wconf 86' lang='lat' dir='ltr'>rationes</span> <span class='ocrx_word' id='word_1_50' title='bbox 856 1357 1058 1454; x_wconf 81' lang='lat' dir='ltr'>inuelligat,</span> 
     </span>
     <span class='ocr_line' id='line_1_10' title="bbox 69 1450 1061 1563; baseline 0.008 -26"><span class='ocrx_word' id='word_1_51' title='bbox 69 1467 162 1540; x_wconf 85' lang='lat' dir='ltr'>cuius</span> <span class='ocrx_word' id='word_1_52' title='bbox 178 1467 293 1562; x_wconf 90' lang='lat' dir='ltr'>prima</span> <span class='ocrx_word' id='word_1_53' title='bbox 309 1450 477 1563; x_wconf 76' lang='lat' dir='ltr'>exempla</span> <span class='ocrx_word' id='word_1_54' title='bbox 488 1479 678 1562; x_wconf 87' lang='lat' dir='ltr'>tangentes</span> <span class='ocrx_word' id='word_1_55' title='bbox 700 1467 891 1563; x_wconf 86' lang='lat' dir='ltr'>praebent,</span> <span class='ocrx_word' id='word_1_56' title='bbox 919 1481 994 1544; x_wconf 91' lang='lat' dir='ltr'>tum</span> <span class='ocrx_word' id='word_1_57' title='bbox 1011 1471 1061 1545; x_wconf 88' lang='lat' dir='ltr'>al·</span> 
     </span>
     <span class='ocr_line' id='line_1_11' title="bbox 68 1578 1060 1688; baseline 0.009 -38"><span class='ocrx_word' id='word_1_58' title='bbox 68 1579 188 1662; x_wconf 84' lang='lat' dir='ltr'>terius.</span> <span class='ocrx_word' id='word_1_59' title='bbox 219 1581 285 1678; x_wconf 93' lang='lat' dir='ltr'>qui</span> <span class='ocrx_word' id='word_1_60' title='bbox 302 1599 348 1652; x_wconf 87' lang='lat' dir='ltr'>ex</span> <span class='ocrx_word' id='word_1_61' title='bbox 371 1581 613 1659; x_wconf 82' lang='lat' dir='ltr'>variationum</span> <span class='ocrx_word' id='word_1_62' title='bbox 636 1578 738 1688; x_wconf 77' lang='lat' dir='ltr'>lege,</span> <span class='ocrx_word' id='word_1_63' title='bbox 776 1593 929 1675; x_wconf 88' lang='lat' dir='ltr'>quanta,</span> <span class='ocrx_word' id='word_1_64' title='bbox 967 1605 1060 1678; x_wconf 88' lang='lat' dir='ltr'>quae</span> 
     </span>
    </p>
   </div>
   <div class='ocr_carea' id='block_1_3' title="bbox 67 1691 1170 1794">
    <p class='ocr_par' dir='ltr' id='par_1_3' title="bbox 67 1691 1170 1794">
     <span class='ocr_line' id='line_1_12' title="bbox 67 1691 1170 1794; baseline 0.008 -30"><span class='ocrx_word' id='word_1_65' title='bbox 67 1693 260 1780; x_wconf 81' lang='lat' dir='ltr'>variantur,</span> <span class='ocrx_word' id='word_1_66' title='bbox 288 1691 449 1790; x_wconf 81' lang='lat' dir='ltr'>colligit,</span> <span class='ocrx_word' id='word_1_67' title='bbox 481 1707 545 1766; x_wconf 77' lang='lat' dir='ltr'>vts·</span> <span class='ocrx_word' id='word_1_68' title='bbox 565 1691 845 1794; x_wconf 80' lang='lat' dir='ltr'>Superficierum</span> <span class='ocrx_word' id='word_1_69' title='bbox 866 1707 902 1769; x_wconf 90' lang='lat' dir='ltr'>et</span> <span class='ocrx_word' id='word_1_70' title='bbox 917 1693 1060 1772; x_wconf 81' lang='lat' dir='ltr'>dolido·</span> <span class='ocrx_word' id='word_1_71' title='bbox 1166 1709 1170 1726; x_wconf 80' lang='grc'><em>“</em></span> 
     </span>
    </p>
   </div>
   <div class='ocr_carea' id='block_1_4' title="bbox 64 1805 502 1905">
    <p class='ocr_par' dir='ltr' id='par_1_4' title="bbox 64 1805 502 1905">
     <span class='ocr_line' id='line_1_13' title="bbox 64 1805 502 1905; baseline 0.007 -28"><span class='ocrx_word' id='word_1_72' title='bbox 64 1827 139 1880; x_wconf 89' lang='lat' dir='ltr'>rum</span> <span class='ocrx_word' id='word_1_73' title='bbox 153 1821 272 1905; x_wconf 88' lang='lat' dir='ltr'>partes</span> <span class='ocrx_word' id='word_1_74' title='bbox 286 1805 502 1880; x_wconf 85' lang='lat' dir='ltr'>indefinitas.</span> 
     </span>
    </p>
   </div>
   <div class='ocr_carea' id='block_1_5' title="bbox 21 1943 1142 2216">
    <p class='ocr_par' dir='ltr' id='par_1_5' title="bbox 21 1943 1142 2216">
     <span class='ocr_line' id='line_1_14' title="bbox 89 1943 1142 2103; baseline 0.004 -23"><span class='ocrx_word' id='word_1_75' title='bbox 89 1991 179 2096; x_wconf 85' lang='lat' dir='ltr'>Cum</span> <span class='ocrx_word' id='word_1_76' title='bbox 200 2028 247 2082; x_wconf 88' lang='lat' dir='ltr'>ex</span> <span class='ocrx_word' id='word_1_77' title='bbox 267 1972 481 2084; x_wconf 78' lang='lat' dir='ltr'>liberalitate</span> <span class='ocrx_word' id='word_1_78' title='bbox 500 1943 616 2100; x_wconf 71' lang='lat' dir='ltr'>liegia</span> <span class='ocrx_word' id='word_1_79' title='bbox 637 1997 785 2103; x_wconf 80' lang='lat' dir='ltr'>superfit</span> <span class='ocrx_word' id='word_1_80' title='bbox 814 2003 934 2082; x_wconf 86' lang='lat' dir='ltr'>adhuc</span> <span class='ocrx_word' id='word_1_81' title='bbox 959 2000 1061 2084; x_wconf 83' lang='lat' dir='ltr'>aliud</span> <span class='ocrx_word' id='word_1_82' title='bbox 1136 1965 1142 1974; x_wconf 91' lang='lat'>.</span> 
     </span>
     <span class='ocr_line' id='line_1_15' title="bbox 21 2113 1061 2216; baseline 0.009 -30"><span class='ocrx_word' id='word_1_83' title='bbox 21 2119 220 2210; x_wconf 82' lang='lat' dir='ltr'>praemium,</span> <span class='ocrx_word' id='word_1_84' title='bbox 266 2117 367 2216; x_wconf 91' lang='lat' dir='ltr'>quod</span> <span class='ocrx_word' id='word_1_85' title='bbox 397 2114 503 2194; x_wconf 91' lang='lat' dir='ltr'>Ordo</span> <span class='ocrx_word' id='word_1_86' title='bbox 530 2113 835 2216; x_wconf 82' lang='lat' dir='ltr'>Philosophorum</span> <span class='ocrx_word' id='word_1_87' title='bbox 867 2121 990 2196; x_wconf 68' lang='lat' dir='ltr'>viliori</span> <span class='ocrx_word' id='word_1_88' title='bbox 1009 2119 1061 2198; x_wconf 88' lang='lat' dir='ltr'>as-</span> 
     </span>
    </p>
   </div>
   <div class='ocr_carea' id='block_1_6' title="bbox 19 2210 1284 2482">
    <p class='ocr_par' dir='ltr' id='par_1_6' title="bbox 19 2210 1284 2482">
     <span class='ocr_line' id='line_1_16' title="bbox 19 2210 1222 2356; baseline -0.006 -57"><span class='ocrx_word' id='word_1_89' title='bbox 19 2227 137 2332; x_wconf 77' lang='lat' dir='ltr'>ignare</span> <span class='ocrx_word' id='word_1_90' title='bbox 154 2228 272 2330; x_wconf 78' lang='lat' dir='ltr'>polilt,</span> <span class='ocrx_word' id='word_1_91' title='bbox 288 2227 397 2308; x_wconf 84' lang='lat' dir='ltr'>alteru</span> <span class='ocrx_word' id='word_1_92' title='bbox 414 2229 574 2356; x_wconf 74' lang='lat' dir='ltr'>quaestio</span> <span class='ocrx_word' id='word_1_93' title='bbox 592 2229 781 2308; x_wconf 86' lang='lat' dir='ltr'>abeodem</span> <span class='ocrx_word' id='word_1_94' title='bbox 799 2233 847 2308; x_wconf 87' lang='lat' dir='ltr'>est</span> <span class='ocrx_word' id='word_1_95' title='bbox 865 2232 1056 2332; x_wconf 80' lang='lat' dir='ltr'>propofita,</span> <span class='ocrx_word' id='word_1_96' title='bbox 1076 2325 1086 2349; x_wconf 40' lang='grc' dir='ltr'><em>Ι</em></span> <span class='ocrx_word' id='word_1_97' title='bbox 1164 2231 1170 2240; x_wconf 82' lang='lat'>&#39;</span> <span class='ocrx_word' id='word_1_98' title='bbox 1214 2210 1222 2226; x_wconf 74' lang='grc'><strong>“</strong></span> 
     </span>
     <span class='ocr_line' id='line_1_17' title="bbox 111 2367 1284 2482; baseline -0.015 -31"><span class='ocrx_word' id='word_1_99' title='bbox 111 2373 233 2466; x_wconf 81' lang='lat' dir='ltr'><strong>Quale</strong></span> <span class='ocrx_word' id='word_1_100' title='bbox 249 2387 332 2448; x_wconf 90' lang='lat' dir='ltr'>ante</span> <span class='ocrx_word' id='word_1_101' title='bbox 349 2371 409 2448; x_wconf 86' lang='lat' dir='ltr'>serr</span> <span class='ocrx_word' id='word_1_102' title='bbox 425 2391 542 2448; x_wconf 81' lang='lat' dir='ltr'>annos</span> <span class='ocrx_word' id='word_1_103' title='bbox 559 2367 785 2460; x_wconf 73' lang='lat' dir='ltr'>Pulsestrnae,</span> <span class='ocrx_word' id='word_1_104' title='bbox 803 2374 1060 2477; x_wconf 72' lang='lat' dir='ltr'>nuncAegyprr‘</span> <span class='ocrx_word' id='word_1_105' title='bbox 1079 2385 1086 2410; x_wconf 79' lang='lat'><strong><em>‘</em></strong></span> <span class='ocrx_word' id='word_1_106' title='bbox 1116 2401 1122 2408; x_wconf 92' lang='lat'>·</span> <span class='ocrx_word' id='word_1_107' title='bbox 1141 2461 1147 2478; x_wconf 18' lang='grc' dir='ltr'>ἢ</span> <span class='ocrx_word' id='word_1_108' title='bbox 1281 2472 1284 2482; x_wconf 26' lang='grc' dir='ltr'>Ι</span> 
     </span>
    </p>
   </div>
   <div class='ocr_carea' id='block_1_7' title="bbox 55 2487 1142 3044">
    <p class='ocr_par' dir='ltr' id='par_1_7' title="bbox 55 2487 1142 3044">
     <span class='ocr_line' id='line_1_18' title="bbox 61 2487 1059 2582; baseline 0.001 -21"><span class='ocrx_word' id='word_1_109' title='bbox 61 2487 217 2582; x_wconf 83' lang='lat' dir='ltr'>poscitur</span> <span class='ocrx_word' id='word_1_110' title='bbox 229 2487 449 2562; x_wconf 82' lang='lat' dir='ltr'>calendarium</span> <span class='ocrx_word' id='word_1_111' title='bbox 465 2489 714 2564; x_wconf 81' lang='lat' dir='ltr'>oeconomicum.</span> <span class='ocrx_word' id='word_1_112' title='bbox 742 2495 783 2560; x_wconf 82' lang='lat' dir='ltr'>r&#39;x</span> <span class='ocrx_word' id='word_1_113' title='bbox 796 2491 970 2564; x_wconf 71' lang='lat' dir='ltr'>itinerariis</span> <span class='ocrx_word' id='word_1_114' title='bbox 988 2489 1059 2566; x_wconf 86' lang='lat' dir='ltr'>¹col·</span> 
     </span>
     <span class='ocr_line' id='line_1_19' title="bbox 59 2597 1059 2696; baseline 0.003 -25"><span class='ocrx_word' id='word_1_115' title='bbox 59 2599 176 2679; x_wconf 77' lang='lat' dir='ltr'>lelium.</span> <span class='ocrx_word' id='word_1_116' title='bbox 247 2599 337 2692; x_wconf 91' lang='lat' dir='ltr'>Quo</span> <span class='ocrx_word' id='word_1_117' title='bbox 362 2597 451 2696; x_wconf 90' lang='lat' dir='ltr'>quid</span> <span class='ocrx_word' id='word_1_118' title='bbox 484 2599 635 2674; x_wconf 85' lang='lat' dir='ltr'>nomine</span> <span class='ocrx_word' id='word_1_119' title='bbox 663 2597 930 2694; x_wconf 86' lang='lat' dir='ltr'>intelligamus,</span> <span class='ocrx_word' id='word_1_120' title='bbox 972 2599 1059 2674; x_wconf 85' lang='lat' dir='ltr'>deli·</span> 
     </span>
     <span class='ocr_line' id='line_1_20' title="bbox 57 2701 1072 2806; baseline 0.004 -21"><span class='ocrx_word' id='word_1_121' title='bbox 57 2715 243 2790; x_wconf 88' lang='lat' dir='ltr'>niendum.</span> <span class='ocrx_word' id='word_1_122' title='bbox 302 2709 493 2790; x_wconf 84' lang='lat' dir='ltr'>Enotanda</span> <span class='ocrx_word' id='word_1_123' title='bbox 508 2702 590 2806; x_wconf 77' lang='lat' dir='ltr'>lunt</span> <span class='ocrx_word' id='word_1_124' title='bbox 605 2734 650 2786; x_wconf 87' lang='lat' dir='ltr'>ex</span> <span class='ocrx_word' id='word_1_125' title='bbox 667 2713 857 2786; x_wconf 87' lang='lat' dir='ltr'>itinerariis</span> <span class='ocrx_word' id='word_1_126' title='bbox 872 2711 916 2789; x_wconf 93' lang='lat' dir='ltr'>ad</span> <span class='ocrx_word' id='word_1_127' title='bbox 929 2701 1072 2789; x_wconf 77' lang='lat' dir='ltr'>omnes¹</span> 
     </span>
     <span class='ocr_line' id='line_1_21' title="bbox 56 2824 1058 2922; baseline 0.001 -23"><span class='ocrx_word' id='word_1_128' title='bbox 56 2831 136 2901; x_wconf 87' lang='lat' dir='ltr'>anni</span> <span class='ocrx_word' id='word_1_129' title='bbox 162 2824 321 2910; x_wconf 86' lang='lat' dir='ltr'>menses,</span> <span class='ocrx_word' id='word_1_130' title='bbox 360 2825 589 2922; x_wconf 83' lang='lat' dir='ltr'>pluuiarum,</span> <span class='ocrx_word' id='word_1_131' title='bbox 624 2824 720 2920; x_wconf 83' lang='lat' dir='ltr'>coeli</span> <span class='ocrx_word' id='word_1_132' title='bbox 748 2825 879 2914; x_wconf 84' lang='lat' dir='ltr'>sereni,</span> <span class='ocrx_word' id='word_1_133' title='bbox 914 2825 1058 2921; x_wconf 83' lang='lat' dir='ltr'>frigoris</span> 
     </span>
     <span class='ocr_line' id='line_1_22' title="bbox 55 2936 1142 3044; baseline -0.001 -30"><span class='ocrx_word' id='word_1_134' title='bbox 55 2953 85 3014; x_wconf 89' lang='lat' dir='ltr'>et</span> <span class='ocrx_word' id='word_1_135' title='bbox 112 2941 248 3044; x_wconf 74' lang='lat' dir='ltr'>aestus,</span> <span class='ocrx_word' id='word_1_136' title='bbox 275 2937 440 3024; x_wconf 87' lang='lat' dir='ltr'>sationis,</span> <span class='ocrx_word' id='word_1_137' title='bbox 476 2939 593 3025; x_wconf 86' lang='lat' dir='ltr'>floris,</span> <span class='ocrx_word' id='word_1_138' title='bbox 629 2941 844 3014; x_wconf 81' lang='lat' dir='ltr'>maturitatis</span> <span class='ocrx_word' id='word_1_139' title='bbox 868 2936 1058 3036; x_wconf 83' lang='lat' dir='ltr'>mefflsque</span> <span class='ocrx_word' id='word_1_140' title='bbox 1137 2955 1142 2966; x_wconf 52' lang='lat'>⁸</span> 
     </span>
    </p>
   </div>
   <div class='ocr_carea' id='block_1_8' title="bbox 54 3044 1197 3148">
    <p class='ocr_par' dir='ltr' id='par_1_8' title="bbox 54 3044 1197 3148">
     <span class='ocr_line' id='line_1_23' title="bbox 54 3044 1197 3148; baseline 0.002 -23"><span class='ocrx_word' id='word_1_141' title='bbox 54 3052 340 3139; x_wconf 81' lang='lat' dir='ltr'>frumentorum,</span> <span class='ocrx_word' id='word_1_142' title='bbox 390 3051 622 3148; x_wconf 88' lang='lat' dir='ltr'>aliorumque</span> <span class='ocrx_word' id='word_1_143' title='bbox 651 3051 838 3140; x_wconf 88' lang='lat' dir='ltr'>edulium,</span> <span class='ocrx_word' id='word_1_144' title='bbox 886 3055 1059 3128; x_wconf 88' lang='lat' dir='ltr'>arborum</span> <span class='ocrx_word' id='word_1_145' title='bbox 1191 3044 1197 3052; x_wconf 84' lang='grc'>’</span> 
     </span>
    </p>
   </div>
   <div class='ocr_carea' id='block_1_9' title="bbox 53 3164 1058 3592">
    <p class='ocr_par' dir='ltr' id='par_1_9' title="bbox 53 3164 1058 3582">
     <span class='ocr_line' id='line_1_24' title="bbox 55 3164 1058 3266; baseline -0.001 -26"><span class='ocrx_word' id='word_1_146' title='bbox 55 3188 202 3266; x_wconf 86' lang='lat' dir='ltr'>quoque</span> <span class='ocrx_word' id='word_1_147' title='bbox 222 3181 257 3242; x_wconf 91' lang='lat' dir='ltr'>et</span> <span class='ocrx_word' id='word_1_148' title='bbox 280 3166 494 3252; x_wconf 86' lang='lat' dir='ltr'>herbarum,</span> <span class='ocrx_word' id='word_1_149' title='bbox 521 3166 656 3262; x_wconf 85' lang='lat' dir='ltr'>quibus</span> <span class='ocrx_word' id='word_1_150' title='bbox 679 3164 833 3254; x_wconf 86' lang='lat' dir='ltr'>florent,</span> <span class='ocrx_word' id='word_1_151' title='bbox 879 3179 1058 3240; x_wconf 88' lang='lat' dir='ltr'>maturos·</span> 
     </span>
     <span class='ocr_line' id='line_1_25' title="bbox 53 3277 1058 3378; baseline 0.001 -25"><span class='ocrx_word' id='word_1_152' title='bbox 53 3303 120 3375; x_wconf 88' lang='lat' dir='ltr'>que</span> <span class='ocrx_word' id='word_1_153' title='bbox 142 3279 279 3356; x_wconf 76' lang='lat' dir='ltr'>fruetus</span> <span class='ocrx_word' id='word_1_154' title='bbox 297 3277 476 3363; x_wconf 84' lang='lat' dir='ltr'>offerunt,</span> <span class='ocrx_word' id='word_1_155' title='bbox 502 3277 705 3352; x_wconf 84' lang='lat' dir='ltr'>vindemiae</span> <span class='ocrx_word' id='word_1_156' title='bbox 723 3281 829 3352; x_wconf 90' lang='lat' dir='ltr'>etiam</span> <span class='ocrx_word' id='word_1_157' title='bbox 849 3299 959 3375; x_wconf 75' lang='lat' dir='ltr'>quam</span> <span class='ocrx_word' id='word_1_158' title='bbox 976 3279 1058 3378; x_wconf 91' lang='lat' dir='ltr'>qui·</span> 
     </span>
     <span class='ocr_line' id='line_1_26' title="bbox 56 3391 1058 3486; baseline 0.002 -22"><span class='ocrx_word' id='word_1_159' title='bbox 56 3392 204 3468; x_wconf 86' lang='lat' dir='ltr'>busdam</span> <span class='ocrx_word' id='word_1_160' title='bbox 225 3394 262 3465; x_wconf 93' lang='lat' dir='ltr'>in</span> <span class='ocrx_word' id='word_1_161' title='bbox 284 3392 375 3466; x_wconf 87' lang='lat' dir='ltr'>locis</span> <span class='ocrx_word' id='word_1_162' title='bbox 394 3392 581 3486; x_wconf 83' lang='lat' dir='ltr'>Aegyptus</span> <span class='ocrx_word' id='word_1_163' title='bbox 596 3391 724 3478; x_wconf 87' lang='lat' dir='ltr'>habet,</span> <span class='ocrx_word' id='word_1_164' title='bbox 756 3409 973 3479; x_wconf 88' lang='lat' dir='ltr'>ventorum,</span> <span class='ocrx_word' id='word_1_165' title='bbox 1002 3394 1058 3466; x_wconf 91' lang='lat' dir='ltr'>in-</span> 
     </span>
     <span class='ocr_line' id='line_1_27' title="bbox 56 3501 1057 3592; baseline 0.006 -17"><span class='ocrx_word' id='word_1_166' title='bbox 56 3521 344 3592; x_wconf 79' lang='lat' dir='ltr'>crementorum,</span> <span class='ocrx_word' id='word_1_167' title='bbox 390 3505 649 3580; x_wconf 83' lang='lat' dir='ltr'>exundationis</span> <span class='ocrx_word' id='word_1_168' title='bbox 679 3521 715 3580; x_wconf 89' lang='lat' dir='ltr'>et</span> <span class='ocrx_word' id='word_1_169' title='bbox 740 3501 1057 3582; x_wconf 84' lang='lat' dir='ltr'>decrementorum</span> 
     </span>
    </p>
   </div>
   <div class='ocr_carea' id='block_1_10' title="bbox 58 3607 1189 3724">
    <p class='ocr_par' dir='ltr' id='par_1_10' title="bbox 58 3607 1189 3724">
     <span class='ocr_line' id='line_1_28' title="bbox 58 3607 1189 3724; baseline 0.008 -39"><span class='ocrx_word' id='word_1_170' title='bbox 58 3613 125 3692; x_wconf 82' lang='lat' dir='ltr'>Nili</span> <span class='ocrx_word' id='word_1_171' title='bbox 129 3635 329 3718; x_wconf 85' lang='lat' dir='ltr'>„tempora</span> <span class='ocrx_word' id='word_1_172' title='bbox 349 3613 556 3724; x_wconf 82' lang='lat' dir='ltr'>pluuiarum</span> <span class='ocrx_word' id='word_1_173' title='bbox 571 3617 663 3694; x_wconf 91' lang='lat' dir='ltr'>adeo</span> <span class='ocrx_word' id='word_1_174' title='bbox 687 3621 840 3714; x_wconf 80' lang='lat' dir='ltr'>utpote</span> <span class='ocrx_word' id='word_1_175' title='bbox 831 3641 868 3694; x_wconf 90' lang='lat' dir='ltr'>rrr</span> <span class='ocrx_word' id='word_1_176' title='bbox 886 3619 1056 3716; x_wconf 74' lang='lat' dir='ltr'>Aegypto</span> <span class='ocrx_word' id='word_1_177' title='bbox 1151 3607 1154 3614; x_wconf 46' lang='lat'><strong><em>⁴</em></strong></span> <span class='ocrx_word' id='word_1_178' title='bbox 1183 3619 1189 3630; x_wconf 88' lang='lat'>&#39;</span> 
     </span>
    </p>
   </div>
   <div class='ocr_carea' id='block_1_11' title="bbox 55 3729 1093 4056">
    <p class='ocr_par' dir='ltr' id='par_1_11' title="bbox 55 3729 1093 4056">
     <span class='ocr_line' id='line_1_29' title="bbox 59 3729 1076 3828; baseline 0.01 -30"><span class='ocrx_word' id='word_1_179' title='bbox 59 3734 225 3808; x_wconf 85' lang='lat' dir='ltr'>rariorum</span> <span class='ocrx_word' id='word_1_180' title='bbox 245 3732 331 3828; x_wconf 79' lang='lat' dir='ltr'>dies.</span> <span class='ocrx_word' id='word_1_181' title='bbox 348 3729 498 3826; x_wconf 90' lang='lat' dir='ltr'>Semper</span> <span class='ocrx_word' id='word_1_182' title='bbox 515 3730 721 3806; x_wconf 86' lang='lat' dir='ltr'>addendum</span> <span class='ocrx_word' id='word_1_183' title='bbox 735 3733 828 3808; x_wconf 87' lang='lat' dir='ltr'>tellis</span> <span class='ocrx_word' id='word_1_184' title='bbox 844 3756 918 3808; x_wconf 91' lang='lat' dir='ltr'>nou</span> <span class='ocrx_word' id='word_1_185' title='bbox 939 3733 1076 3808; x_wconf 83' lang='lat' dir='ltr'>lolum</span> 
     </span>
     <span class='ocr_line' id='line_1_30' title="bbox 55 3843 1053 3941; baseline 0.005 -28"><span class='ocrx_word' id='word_1_186' title='bbox 55 3862 200 3931; x_wconf 87' lang='lat' dir='ltr'>nomen,</span> <span class='ocrx_word' id='word_1_187' title='bbox 224 3843 282 3919; x_wconf 90' lang='lat' dir='ltr'>led</span> <span class='ocrx_word' id='word_1_188' title='bbox 301 3858 336 3918; x_wconf 91' lang='lat' dir='ltr'>et</span> <span class='ocrx_word' id='word_1_189' title='bbox 352 3843 483 3940; x_wconf 88' lang='lat' dir='ltr'>pagina</span> <span class='ocrx_word' id='word_1_190' title='bbox 501 3843 745 3920; x_wconf 85' lang='lat' dir='ltr'>itinerariiin</span> <span class='ocrx_word' id='word_1_191' title='bbox 752 3865 828 3941; x_wconf 90' lang='lat' dir='ltr'>quo</span> <span class='ocrx_word' id='word_1_192' title='bbox 844 3845 881 3922; x_wconf 91' lang='lat' dir='ltr'>id</span> <span class='ocrx_word' id='word_1_193' title='bbox 899 3845 1053 3920; x_wconf 86' lang='lat' dir='ltr'>testatur</span> 
     </span>
     <span class='ocr_line' id='line_1_31' title="bbox 106 3956 1093 4056; baseline 0 -24"><span class='ocrx_word' id='word_1_194' title='bbox 106 3958 294 4056; x_wconf 81' lang='lat' dir='ltr'>Aegyptus</span> <span class='ocrx_word' id='word_1_195' title='bbox 313 3977 433 4034; x_wconf 89' lang='lat' dir='ltr'>cuma</span> <span class='ocrx_word' id='word_1_196' title='bbox 457 3979 546 4032; x_wconf 89' lang='lat' dir='ltr'>marr</span> <span class='ocrx_word' id='word_1_197' title='bbox 538 3956 828 4032; x_wconf 87' lang='lat' dir='ltr'>mediterraneo</span> <span class='ocrx_word' id='word_1_198' title='bbox 846 3958 964 4034; x_wconf 87' lang='lat' dir='ltr'>versus</span> <span class='ocrx_word' id='word_1_199' title='bbox 984 3958 1056 4034; x_wconf 81' lang='lat' dir='ltr'>tlu-</span> <span class='ocrx_word' id='word_1_200' title='bbox 1086 3983 1093 3992; x_wconf 89' lang='lat'>·</span> 
     </span>
    </p>
   </div>
   <div class='ocr_carea' id='block_1_12' title="bbox 52 4063 1213 4186">
    <p class='ocr_par' dir='ltr' id='par_1_12' title="bbox 52 4063 1213 4186">
     <span class='ocr_line' id='line_1_32' title="bbox 52 4063 1213 4186; baseline 0.009 -45"><span class='ocrx_word' id='word_1_201' title='bbox 52 4067 161 4146; x_wconf 86' lang='lat' dir='ltr'>strum</span> <span class='ocrx_word' id='word_1_202' title='bbox 180 4093 243 4170; x_wconf 88' lang='lat' dir='ltr'>per</span> <span class='ocrx_word' id='word_1_203' title='bbox 261 4069 475 4170; x_wconf 79' lang='lat' dir='ltr'>septemaut</span> <span class='ocrx_word' id='word_1_204' title='bbox 495 4065 579 4145; x_wconf 82' lang='lat' dir='ltr'>odo</span> <span class='ocrx_word' id='word_1_205' title='bbox 608 4063 756 4176; x_wconf 83' lang='lat' dir='ltr'>gradus</span> <span class='ocrx_word' id='word_1_206' title='bbox 769 4069 976 4169; x_wconf 84' lang='lat' dir='ltr'>exporretla</span> <span class='ocrx_word' id='word_1_207' title='bbox 1002 4068 1055 4156; x_wconf 87' lang='lat' dir='ltr'>fit,</span> <span class='ocrx_word' id='word_1_208' title='bbox 1076 4143 1082 4150; x_wconf 92' lang='lat'><em>.</em></span> <span class='ocrx_word' id='word_1_209' title='bbox 1112 4067 1116 4072; x_wconf 70' lang='grc'>’</span> <span class='ocrx_word' id='word_1_210' title='bbox 1197 4155 1213 4186; x_wconf 48' lang='lat' dir='ltr'><em>s</em></span> 
     </span>
    </p>
   </div>
   <div class='ocr_carea' id='block_1_13' title="bbox 464 4175 1062 4276">
    <p class='ocr_par' dir='ltr' id='par_1_13' title="bbox 464 4175 1062 4276">
     <span class='ocr_line' id='line_1_33' title="bbox 464 4175 1062 4276; baseline -0.005 -16"><span class='ocrx_word' id='word_1_211' title='bbox 464 4205 471 4212; x_wconf 89' lang='lat'>·</span> <span class='ocrx_word' id='word_1_212' title='bbox 553 4179 587 4260; x_wconf 90' lang='lat' dir='ltr'>R</span> <span class='ocrx_word' id='word_1_213' title='bbox 621 4203 639 4276; x_wconf 91' lang='lat'>5</span> <span class='ocrx_word' id='word_1_214' title='bbox 958 4175 1062 4258; x_wconf 85' lang='lat' dir='ltr'>vnde</span> 
     </span>
    </p>
   </div>
   <div class='ocr_carea' id='block_1_14' title="bbox 0 0 1306 4740">
    <p class='ocr_par' dir='ltr' id='par_1_14' title="bbox 0 0 1306 4740">
     <span class='ocr_line' id='line_1_34' title="bbox 0 0 1306 4740; baseline 0 3"><span class='ocrx_word' id='word_1_215' title='bbox 0 0 1306 4740; x_wconf 95' lang='lat' dir='ltr'> </span> 
     </span>
    </p>
   </div>
  </div>
 </body>
</html>
