2644 4746
76 341 85 348 ·
135 345 138 360 ·
186 266 310 429 ‘2144
367 307 553 405 Liberior
571 261 797 433 populorum
816 319 914 404 *roro
933 339 1014 404 cun
1031 281 1213 431 expellam
1234 242 1269 325 ¹·

223 519 341 610 obab,
354 543 444 597 mox
459 515 634 594 uumndr
645 539 688 595 ae
699 517 880 618 spectandi
897 518 1011 598 mulla
1027 521 1135 596 aedes
1151 517 1275 618 ingrei-

221 637 306 723 suri,
319 638 368 710 ita
390 637 428 709 in
446 633 566 710 ebarta
584 631 653 718 hac
666 633 813 731 publice
826 633 1080 734 perscripta‘de
1093 655 1133 710 re
1149 621 1272 730 aliqua,

222 772 305 850 quas
320 747 467 848 publica
493 745 607 822 studia
632 749 748 822 teneri
773 746 923 845 potlrot,
962 749 1143 825 nonnulla
1166 747 1276 844 d-iipu.

222 877 368 940 tentut:
410 859 568 956 agedum
599 859 848 959 obsequamur*
872 863 966 937 mori
996 865 1194 946 maiorum,
1232 873 1274 940 et,

222 973 525 1076 quandoquidem
542 973 615 1081 hoc
630 987 795 1071 tempore
818 975 880 1048 vix
899 975 995 1051 vllus
1016 971 1275 1058 luitconlellns‚

112 1091 122 1104 '
222 1094 289 1164 vix
309 1089 402 1164 ullus
419 1086 593 1173 circulus,
620 1089 659 1160 in
679 1107 757 1185 quo
776 1107 852 1163 nuo
870 1087 919 1162 de
929 1111 1069 1188 magna
1086 1089 1148 1164 illa
1165 1111 1277 1162 rerum

180 1201 462 1279 ‘conuetfione
495 1213 683 1296 ageretur,
727 1223 802 1300 qua
835 1203 1018 1300 populus,
1049 1199 1276 1294 meritosuo

131 1303 136 1312 ’
173 1334 183 1382 ι’
220 1320 316 1394 inter
338 1316 549 1414 praecipuas
581 1309 751 1412 Europae
776 1307 903 1413 gentes
934 1315 1146 1404 habendus,
1190 1315 1280 1389 idem

218 1445 341 1506 omen
359 1429 405 1504 ad
421 1427 652 1526 honoreque
671 1431 768 1522 diem
794 1427 840 1504 ad
862 1431 1053 1544 qrbitrium
1074 1433 1202 1518 vniuts
1220 1441 1280 1502 aut

110 1535 116 1558 '
218 1547 345 1645 potius
365 1543 410 1618 ad
426 1541 630 1620 lubidinem
643 1565 787 1627 eorum,
800 1545 935 1640 quibus
955 1547 984 1619 is
1001 1545 1193 1632 seruiebat,
1210 1543 1278 1636 regi

217 1659 364 1746 totitas,
396 1671 545 1756 repente
562 1655 607 1730 ad
623 1653 759 1730 sublata
782 1655 957 1733 libertatis
981 1657 1083 1756 signa
1113 1656 1282 1734 conuola-

205 1771 290 1862 'sit,
309 1771 485 1848 samsonis
504 1769 616 1866 nostri
634 1771 736 1852 initia
752 1770 796 1846 ab
814 1770 940 1846 eadem
959 1771 1086 1850 fabula
1099 1773 1277 1848 ducamus.

329 1930 437 2014 quat
463 1936 558 2010 inter
588 1933 677 2010 liaeo
701 1933 926 2026 cum'nihil,
962 1938 1066 2038 quod
1097 1915 1174 2014 non
1202 1933 1281 2011 alias

136 2091 149 2112 e
197 2029 400 2140 ¹euenerit⁵
422 2051 571 2124 euenire
587 2049 700 2146 solere
720 2049 870 2147 vulgare
888 2049 1023 2128 (iillum
1042 2053 1158 2142 ferat,
1174 2043 1281 2138 iuuat,

159 2195 168 2206 ’
188 2169 381 2274 inquam,
398 2166 583 2264 inquirere
601 2164 640 2236 in
656 2160 787 2248 fimilia
801 2177 931 2239 euenta
947 2163 1181 2264 superiorum
1200 2179 1284 2241 tem-

215 2302 363 2380 porum,
376 2291 429 2361 et,
450 2274 751 2375 quandoquidem
772 2279 884 2354 tutior
906 2277 954 2354 est
970 2279 1124 2358 libertas
1143 2279 1284 2377 linguae

214 2407 254 2470 et
271 2391 493 2469 confidentia
511 2391 550 2465 in
567 2391 849 2488 antiquioribus,
862 2391 995 2480 videre,
1007 2415 1106 2490 quae
1122 2391 1285 2490 exempla

213 2505 296 2584 talis
313 2506 358 2584 ad
376 2505 580 2581 libertatem
594 2502 833 2602 conspirantis
853 2505 984 2603 populi
996 2505 1286 2602 consensus'lup·

212 2621 355 2722 peditet
373 2619 580 2717 antiquitas.
640 2615 716 2694 lam
733 2633 854 2694 autem
876 2617 937 2696 hic
954 2637 1164 2726 occurrunt
1185 2620 1286 2718 plura

100 2743 107 2750 “
173 2757 180 2772 “
213 2757 324 2836 quam
353 2756 446 2831 quae
474 2733 576 2806 breui
600 2731 901 2808 confabulatione
924 2747 988 2808 aut
1017 2735 1285 2835 comprehendi

213 2861 276 2924 aut
293 2847 434 2944 exponi
458 2835 655 2920 commode
673 2843 815 2940 poffint.
875 2841 994 2934 Erunt
1015 2847 1146 2946 itaque
1171 2849 1286 2950 plera·

102 2974 106 2989 '
211 2983 285 3062 que
313 2973 456 3034 tantum
485 2958 602 3054 digito
630 2955 902 3045 nroullranda‚'
926 2958 994 3048 alia
1017 2961 1157 3038 leuiter
1184 2966 1287 3038 attin·

209 3073 350 3177 ganda,
377 3085 440 3148 aut
456 3069 652 3176 desultoria
674 3071 957 3164 transuolanda;
987 3073 1049 3170 etli
1066 3099 1144 3154 nec
1169 3077 1246 3154 hoc
1272 3098 1289 3148 a

209 3189 314 3264 more
332 3184 650 3268 confabulantium
666 3183 863 3260 abhorrere
880 3183 1026 3264 dixeris.
1129 3285 1134 3298 θ

170 3425 173 3432 ,
320 3347 516 3428 Libertatis
541 3367 616 3424 vox
632 3367 674 3424 ac
696 3351 801 3426 notio
824 3351 876 3426 vti
891 3373 956 3449 per
971 3353 1095 3429 omnia
1118 3369 1290 3456 tempora

208 3488 251 3544 ac
272 3465 434 3564 populos
456 3485 524 3562 pro
541 3462 689 3538 diuerfis
705 3457 900 3542 hominuin
918 3467 1042 3542 studiis
1069 3477 1113 3546 ac'
1144 3473 1291 3570 cupidi-

207 3581 342 3656 tatibus
358 3599 557 3676 rerumque
575 3575 815 3668 diuersrffimis
841 3579 1123 3658 conditionibus
1143 3584 1293 3660 infinita

207 3717 294 3773 cum
321 3695 491 3768 uarietate
515 3689 686 3766 constitui
704 3692 814 3781 solet,
839 3689 895 3769 ¹ita
920 3716 998 3782 eam
1026 3700 1199 3774 maxime
1225 3723 1293 3797 pro

112 3863 119 3890 r
206 3807 390 3884 formulae
412 3829 458 3880 au
478 3805 589 3902 legis,
619 3808 657 3880 in
674 3827 786 3902 quam
803 3807 965 3903 populus
991 3813 1201 3900 conuenit,
1234 3836 1296 3886 na·

122 3999 131 4013 ,
207 3936 287 3999 tura
307 3937 343 3996 et
359 3923 499 4012 ratione
517 3918 692 3994 diuersam
714 3921 785 3993 vim
810 3919 943 3994 babere
963 3921 1101 4000 necell'e
1118 3925 1186 4000 est.
1222 3925 1294 4002 Re·

207 4051 379 4137 cuperata
392 4037 518 4134 itaque
532 4031 834 4132 libertaspopuli
852 4034 925 4110 alio
945 4038 1063 4114 niodo
1078 4039 1237 4144 dicetur
1259 4043 1294 4114 in

1120 4151 1295 4259 imperis

429 4277 437 4317 i
