2604 4740
76 311 80 328 ·
197 283 281 384 314
374 250 409 326 ..¹
495 265 736 368 iunctorum„
754 271 960 385 recognitio

170 497 260 575 per
274 475 416 575 aliquot
435 441 596 562 naenser,
629 461 732 552 sorte'
741 447 855 554 vnum
878 485 915 550 et
928 473 1084 568 aiterum
1101 485 1233 566 annun,
1291 493 1292 498 ‘

193 593 233 666 ιιι
257 590 378 687 aliqua
397 589 544 664 ciuitate
568 590 678 676 vixit.
711 602 765 676 et.
787 589 895 687 ¹quod
918 587 982 688 ipsi
1011 589 1069 663 rei
1093 591 1237 664 maxine

192 703 373 802 conqueri
396 699 531 788 solent.
564 701 768 782 hominum
785 705 1026 801 grauiumn
1003 700 1065 778 vsu
1090 715 1128 776 et
1143 725 1239 800 expe-

176 817 321 894 rientia
353 839 474 892 rerunr
507 809 786 905 instructorum
820 816 1075 922 adeundarum
1105 819 1240 913 copiam

104 972 136 1018 r
191 932 335 1006 nullam
365 929 512 1014 habuit.
561 932 722 1005 rationes
745 953 885 1018 rerum,
928 931 1022 1018 viar,
1056 929 1238 1033 anstasius,

188 1041 376 1129 transitus,
406 1045 526 1117 exitur
544 1055 669 1118 tenere
684 1041 813 1142 pout?
858 1042 958 1121 Ferri
984 1041 1173 1170 possioer
1167 1044 1239 1133 hoc

103 1157 292 1256 qaod
307 1153 591 1271 grauiffinraruor
609 1179 740 1242 rerum,
758 1159 805 1234 de
821 1160 956 1257 quibus
971 1179 1113 1232 neonen
1103 1139 1240 1256 'possit

187 1270 276 1347 loeo
297 1255 409 1368 leuia
410 1284 447 1346 et
465 1269 597 1346 aliena
587 1285 649 1346 ιιι
664 1273 786 1370 inepta
806 1283 971 1363 narrant;
1002 1269 1117 1346 modo
1137 1294 1157 1345 ι
1179 1269 1242 1345 sce·

185 1383 263 1460 lere
291 1399 328 1460 et
351 1359 489 1482 flagitio
514 1385 690 1484 abstinere
717 1383 874 1463 vellent!
911 1381 1110 1460 Enimuero
1131 1382 1240 1458 solent

126 1591 130 1598 ι
185 1497 355 1627 plerique
370 1521 416 1575 eu
433 1499 489 1574 his
505 1476 735 1588 ιιιιοιιιιιιι.
766 1519 851 1584 cunr
871 1497 917 1574 de
935 1499 1105 1574 institutis
1124 1500 1240 1580 acade-

185 1611 310 1698 micis,
340 1611 385 1688 de
410 1613 505 1686 ιιιιιι
529 1635 656 1690 eorunr
675 1628 713 1688 et
737 1614 952 1700 virtutibus,
982 1612 1144 1686 iudicare
1163 1635 1239 1710 pro-

92 1804 94 1812 ,
185 1723 260 1800 sessi
286 1721 413 1808 essent,
450 1725 603 1802 dicenda
635 1724 681 1800 ad
716 1723 905 1812 homines,
940 1723 984 1799 ad
1016 1721 1238 1822 professores,

124 1835 131 1854 '
183 1839 387 1913 transferre.
463 1836 537 1912 iarn
562 1835 622 1913 ets
650 1839 874 1935 impudentia
907 1839 1068 1914 hominis
1095 1841 1166 1926 en,
1200 1843 1243 1912 de

67 2041 70 2050 1
183 1954 272 2026 viria
293 1951 467 2033 summis,
503 1951 548 2026 ad
579 1957 740 2050 quorum
763 1951 988 2030 consortium
1014 1965 1050 2026 et
1074 1952 1235 2026 ordinem

182 2045 248 2138 isse
284 2065 346 2140 vix
383 2087 544 2164 uuquam
575 2067 707 2142 merito
739 2065 804 2142 suo
837 2069 880 2144 sit
904 2080 1168 2164 peruenturus,
1208 2079 1239 2138 et

66 2191 68 2196 ’
183 2177 344 2276 quidem
352 2177 399 2254 de
416 2177 603 2276 pluribus,
630 2183 727 2278 quos
752 2203 821 2256 nec
841 2179 961 2254 multo
984 2177 1162 2276 erlongo
1185 2179 1241 2254 vsu

182 2293 355 2389 cognitos
372 2293 522 2388 habeat,
550 2293 623 2391 ipse
648 2295 886 2390 neeingenio
902 2305 939 2368 et
962 2291 1146 2381 deonna,
1175 2315 1239 2366 nee

180 2427 302 2482 rerum
332 2405 581 2505 perspicientia
601 2419 637 2482 et
656 2409 879 2506 experientia
900 2405 1097 2504 praestans,
1124 2409 1173 2482 de
1189 2409 1241 2492 iis,

93 2549 99 2568 ·
144 2595 152 2600 ,
180 2511 354 2616 inquam,
387 2533 586 2598 tenerent
604 2519 809 2596 inconsulte
830 2521 1007 2598 iudicium
1032 2542 1111 2595 non
1131 2521 1242 2595 ruodo

178 2632 274 2708 ferte
297 2633 358 2710 sed
389 2649 427 2710 et
456 2635 637 2732 proferre:
677 2637 912 2712 condonatur
936 2649 1062 2710 tamen
1085 2633 1182 2722 hoc,
1220 2631 1243 2706 si

179 2751 263 2844 quie
296 2771 355 2831 ea.
405 2771 499 2846 quae
527 2748 574 2822 de
603 2750 673 2822 viri
698 2747 850 2824 alicuius
880 2746 1060 2828 ιιοιιιιιιι,
1087 2747 1242 2846 peritia,

179 2856 341 2950 dotibus,
359 2859 603 2946 facultatibus,
630 2861 767 2936 viribus
781 2863 930 2959 ingenii
949 2861 1152 2960 animique,
1172 2860 1242 2957 ipse

176 2971 322 3066 sentiat,
353 2973 480 3074 paullo
503 2973 653 3050 liberius
672 2974 905 3074 profiteatur;
934 2972 1074 3050 tametsi
1098 2976 1156 3051 his
1180 2976 1244 3050 ho·

175 3089 340 3166 minibus
367 3089 587 3189 pierumque
612 3111 743 3187 parurn
764 3087 846 3163 sunt
868 3087 1069 3187 ριιιριιιι,
1094 3089 1244 3187 quaein

176 3199 378 3300 professore
400 3202 581 3279 laudanda
603 3221 666 3278 aut
688 3199 988 3300 reprehendenda
1011 3199 1117 3291 srnt.·
1133 3207 1184 3277 ita
1210 3215 1244 3272 vt

177 3315 218 3388 in
232 3313 318 3391 *hoc
338 3315 469 3392 ordine
486 3339 527 3390 ea
545 3313 759 3404 desiderent,
784 3315 844 3391 seu
866 3327 1013 3392 naturae
1034 3332 1074 3393 et
1089 3313 1241 3414 ingenii,

175 3425 237 3502 seu
253 3427 423 3512 fortunae
441 3431 537 3505 bona
554 3427 767 3526 srngusaria,
789 3451 883 3529 quae
902 3430 948 3504 ab
967 3429 1043 3505 hoc
1058 3430 1240 3506 doetrinae

174 3563 220 3616 ee
244 3543 337 3618 ritae
359 3565 495 3640 genere
517 3542 634 3617 asiena
663 3541 752 3632 esse,
783 3567 853 3619 oce
874 3545 916 3618 in
935 3541 1084 3650 censum
1105 3544 1243 3626 venire

173 3653 298 3732 saitem
317 3677 400 3734 non
410 3658 586 3734 omnibus
604 3679 647 3733 ae
662 3653 813 3756 ungulis
830 3634 1043 3734 communia
1058 3655 1126 3733 esse
1142 3651 1243 3756 posse

174 3769 270 3844 resse
291 3769 450 3852 dixerira
478 3771 530 3846 ιιι
546 3787 606 3856 ιι,
636 3769 720 3846 flea
738 3767 898 3846 adessent
912 3793 1007 3870 quae
1024 3771 1079 3846 illi
1096 3772 1241 3854 uolunt,

125 3901 134 3910 ·
173 3903 253 3958 uon
269 3884 440 3960 meliores
456 3883 515 3960 sed
535 3883 734 3960 deteriores
752 3883 971 3962 haberemus
995 3885 1242 3960 dotirinarunr

173 3993 408 4100 interpreter:
466 3997 516 4076 At
541 3999 632 4099 quid
655 3997 858 4076 censebunt
865 3993 1079 4098 aequissimi
1100 4001 1242 4179 quiqpe

656 4159 663 4172 ·
1067 4128 1084 4180 .“
1221 4127 1239 4174 C
