2644 4746
455 239 481 316 s

261 281 1127 432 m6.mfflmmn'

164 501 174 518 ⁴
261 517 507 620 audiendique
542 515 741 618 cupiditate
771 513 917 614 flagrat,
954 517 1032 592 aliis
1066 529 1279 608 armentorum

230 719 234 726 ,
259 659 363 714 more
382 635 547 733 proxima
563 653 730 732 quaeque
746 629 1029 728 depascentibus,
1048 653 1115 706 nec
1130 631 1279 722 vlteriora,

258 751 408 828 laetiora
424 748 610 846 quamuis,
645 741 780 844 pabula
796 747 1064 843 appetentibus,
1192 736 1198 749 '
1297 831 1298 834 Ν

374 859 488 954 Quod
508 858 614 934 nobis
637 881 721 934 cum
745 859 929 954 agendum
952 858 1077 950 restet,
1108 853 1223 945 Ciues,
1246 858 1278 931 fa·

260 979 417 1061 ciamus,
438 971 541 1071 quod
558 971 819 1047 confabulandi
837 987 873 1048 et
889 971 1112 1048 familiariter
1127 967 1281 1046 differendi

255 1113 342 1166 mos
362 1089 455 1162 ferre
476 1085 588 1174 solet,
621 1099 659 1160 rt
673 1083 883 1162 sermonum
901 1081 1033 1162 cauisns
1058 1109 1101 1162 nc
1116 1085 1233 1162 semim
1247 1105 1282 1156 ex

260 1205 324 1285 iis.
357 1224 449 1301 quae
466 1199 660 1275 hominum
678 1213 780 1276 nunt
796 1221 881 1274 cum
901 1203 1061 1276 maxime
1086 1203 1126 1276 in
1147 1223 1206 1276 ore
1226 1221 1282 1270 rer-

258 1317 397 1402 santur,
427 1326 604 1412 petamus.
662 1309 778 1398 Exiit,
807 1326 845 1388 et
861 1313 917 1388 his
935 1313 1019 1414 ipiis
1035 1314 1164 1390 diebus
1180 1315 1212 1388 in
1234 1335 1286 1385 nn·

145 1449 149 1460 '
257 1453 327 1506 nus
345 1427 481 1504 nostras
500 1427 686 1525 peruenit.
720 1447 786 1524 per
807 1425 946 1502 multos
967 1428 1057 1502 inde
1073 1450 1186 1503 annos
1207 1425 1284 1501 auide

139 1611 145 1628 ,
257 1541 455 1642 erpetintn,
471 1541 627 1618 narratio
645 1539 759 1616 lambi
770 1539 877 1616 Brute
893 1533 938 1640 α)
956 1540 1004 1616 de
1019 1542 1151 1617 itinere
1163 1537 1267 1616 inibe

1271 1537 1287 1610 s.

255 1655 379 1734 finiam
397 1653 508 1768 intio.
537 1654 672 1750 inquo
689 1653 806 1730 multa
823 1668 1016 1732 narrantur
1033 1677 1135 1730 noua
1150 1677 1191 1732 ac
1212 1655 1288 1731 min.

197 1783 206 1792 '
257 1774 372 1868 inque
393 1767 449 1843 his
463 1765 561 1842 haud
580 1787 692 1871 paucn
709 1766 920 1864 diligentius
939 1761 1186 1867 exploranda,
1217 1785 1290 1842 ante·

255 1903 367 1982 quam
385 1883 427 1955 iis
451 1879 560 1955 fidem
582 1879 735 1966 habens.
765 1883 931 1992 inprimis
955 1905 1042 1958 cum
1062 1882 1187 1960 autior
1208 1885 1293 1957 inter·

142 2009 147 2016 '
254 1995 344 2072 dum
364 1991 409 2079 de
424 1989 457 2068 se
480 1991 607 2068 letiori
626 1993 922 2072 commendando
936 1999 1053 2094 magis
1072 2019 1182 2096 quam
1198 1995 1236 2070 de
1252 1995 1292 2071 iis.

202 2147 208 2158 ·
235 2129 347 2212 ‚quae
362 2106 449 2183 scire
466 2105 578 2196 veiis,
614 2121 780 2183 accurate
802 2101 1034 2206 exp'onendis
1055 2111 1223 2188 sollicitus
1242 2103 1295 2179 nn

252 2219 427 2298 videatur.
508 2215 734 2320 interposuit
756 2234 939 2326 praeterea
968 2223 1036 2298 alia
1060 2225 1108 2300 ad
1141 2222 1296 2300 historiar:

119 2419 123 2424 ,
252 2331 451 2414 Abeiiinine
469 2335 709 2432 pertinentia;
743 2334 927 2410 interdum
950 2335 993 2412 ad
1023 2337 1098 2414 alia
1122 2335 1296 2436 digreditur

168 2513 173 2522 .
212 2483 219 2492 ·
252 2461 470 2546 argumento
487 2443 617 2522 affinia.
677 2443 736 2523 Est
750 2449 790 2522 in
806 2447 863 2524 his
878 2433 982 2526 lo'cus
997 2449 1043 2526 de
1057 2455 1189 2552 primis
1203 2451 1287 2528 honi

252 2587 344 2638 num
361 2561 566 2660 originibus
589 2563 629 2636 in
651 2561 724 2636 istis
743 2559 883 2638 Africae
912 2563 1079 2660 partibus
1098 2565 1201 2644 etde
1223 2563 1288 2638 nani

124 2737 131 2748 .
248 2679 403 2776 'gationt
434 2676 601 2774 primitus
634 2697 680 2748 ex
697 2661 764 2749 'his
792 2677 865 2752 oris
892 2677 1076 2754 instituta:
1122 2702 1233 2779 quem
1260 2677 1285 2750 h'

159 2789 163 2802 '
250 2791 375 2874 nobis,
396 2785 526 2873 Cines,
546 2785 738 2862 redhibere
752 2785 889 2884 piacet,
915 2811 999 2866 cum
1016 2807 1055 2868 et
1072 2793 1214 2880 muita,
1232 2813 1285 2890 qn<

251 2924 329 2978 non
354 2896 554 2975 iniucunda
574 2901 729 2996 cognitu
753 2899 838 2989 sint,
874 2898 1087 2995 contineat,
1125 2929 1198 2983 net
1221 2921 1272 2980 aut

139 3057 143 3064 ·
250 3012 374 3090 studiis
392 3012 534 3098 vestris,
548 3025 611 3086 aut
626 3036 646 3087 a
661 3012 748 3088 loco
767 3028 803 3088 et
824 3013 1035 3094 tutioritate
1051 3023 1237 3109 virorum,
1259 3041 1294 3114 qn.

22 3139 23 3148 '
132 3198 170 3226 Α
249 3125 458 3224 magistratu
477 3123 568 3200 alter
585 3125 751 3212 decedit,
776 3127 867 3203 alter
883 3133 1140 3227 magistratum
1160 3137 1239 3221 init,
1256 3131 1290 3205 sn

249 3239 385 3328 aliena,
416 3240 508 3336 quin
522 3237 683 3336 ipsorum
708 3237 855 3328 litteris.
884 3243 1047 3321 doitrina
1076 3263 1118 3324 et
1134 3249 1298 3348 sagaciter

194 3347 198 3356 '
249 3349 307 3424 vel
325 3353 484 3425 maxime
503 3373 545 3424 ea
560 3374 615 3426 res
638 3349 820 3448 indigeat,
856 3367 914 3443 vt,
945 3357 1090 3458 iiquid
1119 3367 1199 3441 veri
1227 3360 1291 3435 ion

206 3459 214 3466 “
248 3461 351 3547 insit,
382 3475 556 3560 tanquam
581 3466 658 3536 auri
677 3480 883 3544 ramentum
910 3493 957 3544 ex
982 3478 1130 3566 arenis,
1164 3489 1281 3553 eruam

359 3569 484 3660 India,
516 3575 656 3672 inquit,
685 3577 758 3651 tale
771 3577 888 3656 solum
906 3585 1141 3688 coelumque
1159 3615 1180 3666 a
1200 3605 1294 3666 namr

246 3682 374 3774 habet.
405 3698 442 3762 vt
462 3705 616 3785 corpora
631 3687 825 3776 hominnm
842 3693 910 3806 iint
927 3696 1045 3778 soluta
1060 3717 1106 3779 et
1120 3703 1224 3792 laxa,
1241 3723 1296 3802 prr

1197 3835 1295 3892 veiiiii

307 3982 344 4065 n)
367 3981 492 4048 Travels
507 3991 536 4045 to
551 3981 585 4046 di
598 4004 684 4050 coner·
697 3983 745 4050 tire
763 3989 879 4058 Somne
897 3993 942 4080 (of
953 3995 1003 4061 rin
1018 3999 1080 4065 Nil
1101 4003 1140 4068 in
1158 4006 1219 4070 the
1237 4024 1295 4083 yer.

281 4103 286 4116 ι
343 4071 562 4146 «1768-1773.
583 4070 634 4148 By
650 4071 767 4153 &amer
781 4077 883 4140 Brute
896 4081 936 4164 of
952 4083 1120 4150 Kinnaird
1137 4089 1218 4174 Esq.
1238 4087 1291 4150 fn

354 4147 387 4250 s?
409 4146 524 4228 5Voll.
542 4169 572 4231 4.
596 4171 624 4217 v.
643 4157 708 4221 Get.
723 4157 807 4226 Anz.
831 4160 878 4227 St.
896 4183 967 4232 101.
