2644 4746
249 354 254 362 ·
283 318 365 432 176
501 396 504 408 .
545 259 674 435 Opom
701 239 810 440 regui
839 315 1078 412 Macedonici

296 531 344 596 .·’
394 522 577 601 sicerum
603 545 667 622 per
692 519 751 598 tot
771 537 930 599 aetatum
955 523 1144 604 decursum
1170 527 1316 606 ordinem

283 661 326 744 ac
351 635 476 731 seriem
495 635 621 736 paullo
642 637 818 712 intentius
845 631 1156 738 contemplamurss
1192 667 1259 716 non
1277 663 1318 718 tc·

158 803 161 814 ι
281 775 383 830 mere
405 750 540 826 ditium
566 748 748 824 uidebitur
773 750 866 826 illud
888 753 993 850 quod
1021 755 1066 828 ab
1091 757 1196 831 initio
1222 757 1318 854 polui-

278 881 460 948 musuoo
477 866 598 938 minus
618 861 1038 944 florentislllacedooum
1058 868 1317 966 fortunaeqoam

285 980 440 1056 labentis
462 974 593 1051 caullas
618 977 723 1050 in'iis
746 981 991 1075 temporibus,
1030 1003 1124 1078 quae
1152 983 1317 1057 antecelle-

281 1105 382 1179 rant‚
415 1087 483 1164 elle
507 1087 753 1187 quaerendam
789 1107 846 1178 et,
874 1094 1174 1192 quandoquidem
1198 1120 1240 1170 ex
1266 1103 1318 1168 vir·

280 1220 361 1282 tute
380 1204 508 1279 bellica
526 1205 647 1280 omnis
662 1202 740 1279 laus
755 1217 792 1279 et
813 1204 929 1301 gloria
952 1212 1112 1282 nomimis
1132 1214 1317 1308 expetitos·

208 1320 212 1329 '
280 1335 361 1404 tur.
391 1341 467 1394 non
484 1319 587 1392 aliter
601 1315 681 1392 fieri
703 1315 878 1413 potuille‚
918 1341 1029 1420 quam
1048 1337 1087 1396 rt
1104 1345 1168 1421 per
1182 1325 1264 1420 ipl'as
1282 1327 1318 1395 ri·

281 1433 408 1509 (lorias
424 1431 625 1507 sererentur
637 1427 794 1530 caullae,
826 1434 960 1530 quibus
977 1432 1235 1512 subruerentur
1258 1457 1317 1509 tm·

281 1546 442 1644 demque
470 1549 719 1644 auerterentu'r
747 1543 831 1622 illae
855 1547 949 1643 iplae
972 1571 1062 1645 opes
1091 1551 1183 1626 male
1209 1567 1315 1648 partor.

280 1661 376 1736 male
403 1661 568 1758 dilapsae.
636 1658 717 1736 Nec
734 1655 912 1733 ‘dillimilis
933 1656 1001 1737 erit
1029 1680 1093 1739 aut
1113 1664 1181 1740 elle
1207 1668 1317 1762 poterit

277 1796 400 1850 rerum
420 1793 573 1847 euentus
592 1795 656 1870 per
676 1772 814 1848 futuras
833 1790 986 1857 aetates.
1019 1776 1085 1852 nist
1112 1783 1255 1876 quando
1277 1783 1317 1850 iu·

200 1977 205 1991 ,
277 1887 371 1964 dicia
391 1887 584 1964 hominum
602 1907 648 1962 eo
663 1895 771 1960 erunt
786 1877 986 1976 immutata,
1008 1898 1209 1989 vt'regibus
1224 1895 1318 1966 maior

277 2001 373 2075 inter
400 2000 560 2098 populos
591 1997 710 2096 gloria
738 2023 784 2074 ex
807 2001 1069 2080 incolumitatis
1098 2023 1135 2084 et
1159 2006 1316 2081 felicitatis

209 2177 215 2201 ,
277 2115 414 2190 ciuium
432 2137 529 2196 cora,
548 2127 647 2187 etex
665 2117 762 2210 pacis
787 2109 884 2210 (non
904 2117 1052 2212 quidem
1076 2142 1143 2218 per
1161 2123 1316 2202 inertiam,

276 2226 336 2302 led
360 2249 424 2326 per
441 2228 633 2324 prudentia
650 2219 858 2302 et'ialubria'
874 2230 1041 2319 conlilia,
1071 2235 1110 2306 in
1129 2257 1234 2332 quam
1254 2233 1320 2330 plu-

277 2331 390 2416 rim'os
408 2364 524 2418 annos
548 2332 732 2435 seruatae)
755 2341 894 2428 studio,
919 2347 1132 2438 proueniat,
1162 2373 1265 2446 quam
1284 2365 1318 2416 er

163 2525 167 2543 ,
276 2457 385 2530 armis
412 2457 594 2546 nouisque
625 2455 733 2551 partis
765 2459 985 2552 prouinciis,
1038 2463 1193 2554 pristinis
1223 2461 1319 2555 copiis

275 2565 372 2644 mter
390 2568 480 2645 haec
502 2568 698 2655 exlraullis,
726 2572 839 2666 parari
856 2568 971 2668 polit.
1027 2570 1139 2650 Forte
1155 2577 1245 2651 hanc
1260 2591 1321 2646 tm«

234 2699 237 2709 '
275 2705 386 2780 quam
407 2681 598 2781 repositam
613 2684 772 2780 aliquam
789 2683 995 2779 sapientiam
1013 2685 1145 2764 futuris
1165 2691 1321 2764 aetatilus

275 2796 432 2872 seruauit
447 2797 569 2869 diuina
581 2819 701 2868 rerum
717 2795 928 2870 mortalium
945 2802 1188 2894 prouidentia.
1218 2802 1321 2879 Enim«

275 2929 364 2983 vero
382 2907 531 3004 longius
549 2907 724 3004 protracta
743 2909 791 2982 ell
811 2917 1074 2988 commentatio
1088 2919 1218 3014 trollra,
1231 2937 1321 3018 quom

173 3077 175 3091 ,
275 3045 346 3121 pro
363 3023 541 3121 opinione
558 3045 599 3096 ac
622 3020 921 3100 confiliiratione.
954 3025 1069 3116 Quod
1088 3032 1212 3128 iraque
1232 3041 1321 3125 agam

275 3137 365 3212 cium
381 3133 554 3236 superest,
586 3133 820 3233 paucioribus
850 3137 1123 3236 exsequendum
1150 3148 1226 3220 erit

386 3297 522 3376 Exallo
557 3321 657 3374 nunc
692 3297 846 3378 semestri
879 3306 1087 3402 magistratu
1132 3310 1320 3386 academico

272 3413 508 3490 transferetur
526 3417 615 3511 reip.
629 3412 853 3490 academicae
865 3441 949 3494 cura
962 3421 1006 3494 ad
1019 3426 1135 3498 virum
1150 3423 1319 3500 lllullrcm,

154 3560 162 3572 ’
273 3529 320 3602 de
339 3520 534 3614 academia,
566 3533 797 3624 Omninoque
813 3530 858 3606 de
877 3531 1005 3608 litteris
1023 3539 1320 3640 accuratoquedo·

138 3676 142 3686 ¹
224 3677 227 3687 ·
272 3639 384 3716 ilrina
414 3642 555 3738 optime
582 3643 765 3729 meritum

413 3779 481 3860 ro.
510 3777 885 3862 camsrocuorr.
916 3783 1201 3888 errrorem,

191 3908 198 3924 ⁸
272 3925 337 4022 qui
354 3947 437 4001 curn
461 3925 530 3998 iam
549 3925 604 3999 bic
620 3921 911 4022 hocmagillratu
932 3931 1074 4008 suntlus
1092 3935 1141 4010 sui
1158 3959 1241 4035 erga
1262 3945 1320 4036 rom

203 4067 207 4084 ·
272 4038 575 4130 Comorilitones,
622 4043 755 4116 amoris
787 4043 1054 4146 vestrarumque
1084 4049 1205 4126 rcr'um
1235 4051 1310 4126 llum

1152 4166 1319 4266 praeclaro
