2626 4738
166 340 170 352 .
309 161 507 342 pestiferae
531 225 566 300 et
591 137 826 318 exerrodiier.
978 191 1175 329 3359„

27 409 278 504 sedatium,
314 415 584 497 neeeffitatibur
619 397 980 527 potuissetsuccurri
1009 445 1096 516 ngro
1222 493 1229 514 ,

22 531 151 628 pniir'co
166 535 255 606 iuter
271 553 325 606 eur
340 531 526 610 diuidendo.
586 529 662 610 Iam
680 535 724 612 ab
745 533 853 608 initio
868 531 987 608 Roma
1004 557 1095 610 con·

24 645 96 717 dita
112 667 196 744 ager
217 643 395 744 publicus
410 645 528 722 fuerat
542 645 707 734 relidas,
738 647 797 722 cui
815 643 972 734 acceffit,
1000 669 1095 746 quo·
1140 654 1144 676 ‘

25 761 88 832 ties
108 759 207 834 'vidis
231 759 387 860 populis
412 761 651 850 adimeretur,
689 777 786 864 certa
808 783 909 859 pars,
941 749 1094 860 reliquis

24 879 117 947 inter
149 875 342 972 populum
384 872 516 950 diuitis.
599 875 695 972 Ager
727 873 790 950 ille
821 873 993 974 publicus
1031 890 1095 952 aut

26 985 175 1082 pascuus
197 1001 282 1062 erat
300 1001 362 1063 aut
385 988 561 1064 arabilis..
600 985 813 1066 Conduiius
838 985 902 1064 ille
928 990 1049 1086 primo
1073 1012 1094 1064 a
1164 1027 1167 1042 ι
1196 1001 1202 1014 ’

26 1103 204 1196 patribus,
236 1123 334 1178 mox
352 1099 565 1200 poiseffion'e
579 1101 693 1200 longa
709 1103 852 1193 habitus
869 1104 906 1177 in
925 1103 1095 1178 dominio
1194 1137 1198 1154 ·

25 1217 236 1309 quiritari'03
268 1215 393 1290 frustra
409 1208 691 1292 reclamantibus
705 1213 867 1312 plebeiis.
880 1253 932 1270 -
950 1213 1094 1292 Primus

26 1329 136 1423 piebis
154 1327 316 1404 caudam
339 1327 490 1427 suscepit
505 1329 564 1428 Sp.
582 1327 718 1426 Cassius
735 1325 815 1426 Coi.
830 1333 919 1415 268.
978 1327 1094 1404 Vidit

28 1439 164 1540 Volscis
192 1459 232 1519 et
263 1442 454 1532 Hernicis,
497 1446 578 1518 data
615 1445 649 1518 ei
676 1455 752 1520 erat
782 1441 908 1540 legum
934 1443 1094 1520 foederis
1133 1451 1139 1468 ‘

26 1559 211 1652 cognitio:
238 1561 454 1657 agrippartes
477 1557 570 1634 duae
590 1557 775 1648 ademtae3
808 1555 947 1654 publici
974 1581 1021 1630 ne
1048 1579 1095 1631 an
1136 1587 1144 1614 ι

27 1671 154 1764 priuati
183 1693 364 1770 quoque,
396 1695 472 1748 non
496 1672 625 1770 liquet.
699 1669 983 1746 Adteousalrus
1008 1693 1096 1766 ager
1187 1664 1201 1710 ’·
1292 1674 1293 1684 ’

29 1785 215 1878 publicus,
242 1809 264 1860 a
284 1788 431 1883 priuatis
451 1783 633 1885 polimius,
665 1785 760 1861 etde
780 1807 868 1883 agro
886 1783 1096 1860 diuidundo
1210 1825 1215 1833 ·

30 1897 139 1974 atium
166 1899 271 1999 apud
305 1913 434 1998 patres.
503 1899 665 1998 Magnus
694 1901 748 1974 his
779 1895 945 1974 incuffut‘
964 1913 1095 1986 terror,
1149 1971 1156 1990 x
1248 1899 1251 1906 '

30 2035 146 2087 rerum
177 2014 326 2090 suarum
359 2013 537 2112 periculo.
607 2010 741 2090 lmeoa
766 2012 897 2088 caiiide
927 2011 1096 2109 suspicio,

31 2125 215 2202 consulem
239 2125 459 2224 periculosas
480 2127 636 2202 libertati
657 2149 748 2224 opes
768 2120 911 2201 st'rnere.
932 2122 1098 2219 ‚Consul
1140 2211 1146 2218 ,
1182 2165 1185 2180 ·
1224 2117 1228 2126 ’

32 2262 156 2333 porum
176 2232 385 2340 prudenter
402 2239 544 2318 adscitis
570 2241 606 2316 in
632 2243 708 2342 agri
731 2239 926 2316 diuidundi
950 2239 1100 2332 societa-

32 2367 97 2426 tem
124 2351 271 2432 Latinis
296 2369 333 2430 et
357 2352 545 2440 Hernicis,
585 2357 778 2430 imminuta
805 2353 851 2428 stc
872 2353 997 2450 ‘plebis
1022 2351 1099 2427 Ro-

32 2491 152 2544 manae
175 2473 363 2567 portione,
381 2467 455 2568 ipse
479 2467 697 2546 beneficium
715 2466 818 2542 [uum
838 2469 981 2541 euertit.
1018 2463 1100 2539 Pie-

36 2582 84 2653 bis
106 2586 242 2663 animis
267 2584 451 2668 alienatis,
484 2605 530 2658 eo
550 2606 606 2657 reo
627 2580 799 2666 andorra,
838 2593 877 2660 rt
900 2577 964 2652 iiie
994 2585 1111 2674 regni·

35 2694 181 2772 medati
198 2721 283 2774 reus
306 2697 437 2796 populi
462 2698 599 2772 iudicio
619 2695 665 2772 de
683 2717 773 2794 rupe
795 2691 949 2789 Tarpeia
969 2691 1102 2767 deiice-

37 2825 140 2886 retur.
168 2812 282 2888 Addit
294 2809 434 2900 Liuius,
453 2812 597 2887 studens
615 2801 759 2908 patrum
777 2805 913 2883 caufl'ae
930 2801 1099 2904 scriptori

44 2921 122 3012 Tum
155 2931 300 3024 primum
343 2918 502 3026 (scilicet
538 2947 643 3000 nouo
679 2923 752 3000 hoc
786 2919 886 2998 sensu
924 2921 969 2996 de
1009 2941 1100 3016 agro
1144 2997 1152 3024 Ι

38 3037 186 3138 publico
207 3043 303 3116 inter
326 3061 464 3137 egenos
481 3033 705 3134 diuidendo)
732 3039 784 3113 Iex
803 3037 942 3131 agraria
956 3033 1103 3128 promul·
1135 3057 1137 3062 ¹
1255 3095 1260 3116 ,

38 3163 114 3238 gnta
131 3159 195 3255 est,
229 3152 521 3252 nunqunmvdeirrde
544 3137 706 3250 usquead
723 3151 805 3233 irone
830 3152 1014 3224 memoriam
1035 3149 1105 3248 fine

40 3269 183 3342 maximis
200 3271 338 3346 motibus
360 3295 467 3344 rerum
491 3271 632 3363 agitato.
684 3263 797 3358 Koile
810 3255 949 3361 vtique.
995 3260 1104 3352 Quo·

43 3380 149 3456 modo
167 3387 266 3460 enim
288 3386 334 3471 ii,
363 3383 426 3482 qui
443 3403 550 3479 agros
571 3377 814 3478 poffidebant.
845 3395 916 3452 tom
936 3376 1040 3451 facile
1061 3377 1105 3448 iis

44 3493 233 3572 cederent?
274 3495 317 3574 Et
336 3511 455 3583 erant.
488 3497 553 3593 qui
573 3521 591 3570 a
610 3495 810 3569 maioribus
827 3505 1017 3588 acceptos,
1044 3503 1108 3563 aur

46 3607 84 3676 ab
103 3609 181 3689 aliis
197 3625 315 3688 emtus
334 3628 369 3686 et
387 3610 594 3708 acquisitos,
613 3608 715 3682 iusto
737 3607 845 3682 tituio
865 3603 1106 3704 pofflderent3
1221 3645 1225 3660 ·

49 3740 140 3796 noua
163 3725 255 3802 adeo
275 3727 405 3801 iniuria
429 3723 613 3826 faciendo,
631 3722 667 3797 dt
694 3724 736 3795 iis
759 3722 991 3794 adimeretur.
1255 3807 1258 3822 ⁸

154 3837 338 3938 Spcrffio
356 3839 497 3914 sublato
515 3863 535 3912 e
552 3836 703 3932 vestigio
720 3834 865 3932 piebem
881 3827 1109 3931 poenitentia
1182 3829 1184 3838 “

51 3945 200 4048 inceffit3
228 3955 321 4046 satio
343 3958 441 4032 enim
469 3956 564 4029 inter
593 3955 729 4047 primos
754 3951 962 4026 animorum
989 3955 1111 4018 motus
1149 3977 1201 4052 η·

601 4063 635 4140 Ζ
664 4089 690 4160 4
721 4058 723 4066 ’
868 4125 874 4134 .
1047 4075 1112 4132 ,ac
