2714 4726
208 339 294 474 546
368 279 373 296 ·
431 494 441 502 ·
498 301 762 488 Rornanorum
783 355 989 512 prudentio
1025 361 1030 376 '
1069 301 1075 314 .

205 563 357 666 quando
390 563 504 642 animi
530 587 551 640 a
574 565 712 662 quietis
741 561 901 644 confiliis
928 561 1026 642 haud
1061 565 1279 655 abhorrent,

204 683 264 758 ita.
287 695 326 756 vt
354 682 546 758 rationem·
570 678 680 780 lequi-
696 679 828 758 malint
860 699 971 776 quam
999 677 1197 758 fortunam
1225 683 1282 756 vei

167 865 173 876 .
203 799 294 874 iram
316 809 353 868 et
375 794 631 894 cupiditatem:
658 815 737 868 oon
752 792 824 872 ian'r
846 791 904 868 illi
922 794 1018 872 saria
1039 797 1280 876 conbanem

166 915 170 932 '
202 931 246 986 ac
269 907 552 986 diffimulatione
578 929 633 984 res
656 906 823 996 differre.
857 908 896 982 in
920 910 1032 992 varias
1060 924 1188 1009 partes
1212 893 1280 984 t'ra-

202 1023 291 1100 bere
315 1035 353 1098 et
370 1024 497 1098 omnia
512 1023 602 1106 alia.
627 1043 740 1121 qnam
759 1043 855 1120 qnae
872 1021 1030 1108 vellent.
1061 1024 1278 1116 ostendere;

201 1137 263 1227 sed
280 1137 355 1214 fine
372 1139 476 1217 omni
493 1135 676 1214 calomnia
696 1151 733 1210 et
754 1137 937 1224 dilatione
948 1135 1095 1241 admilla
1112 1139 1278 1215 hostium

177 1249 352 1360 legatio,
379 1252 500 1328 audita
518 1253 563 1326 ab
582 1273 640 1340 eo,
668 1252 734 1348 qui
754 1255 958 1330 exercitum
977 1251 1159 1345 docebat;
1186 1277 1279 1330 con·

199 1366 403 1452 ditionibus
421 1367 595 1462 itrinque
611 1364 824 1462 compositis
844 1387 901 1440 res
923 1369 1091 1444 nuntiata
1108 1367 1279 1456 Senatui,

86 1549 91 1572 ‚
185 1493 221 1571 ,a
244 1504 321 1579 quo
338 1480 584 1579 probarentur
601 1479 686 1588 illae
706 1479 765 1557 len
787 1493 1036 1564 mutarentur,
1065 1481 1188 1558 aliaue
1211 1485 1276 1557 ad-

186 1595 387 1674 ·derentnr.
456 1592 685 1674 Renuntiato
709 1593 863 1672 Senatus
889 1594 1040 1672 decreto
1065 1619 1139 1695 pax
1168 1597 1271 1674 facia.

198 1705 408 1810 Intercepta
435 1709 486 1784 est
512 1709 580 1784 bae
610 1729 732 1784 rerum
761 1708 987 1805 agendarum
1020 1711 1212 1788 celeritate
1238 1733 1275 1788 et

197 1823 410 1900 strenuitate
437 1821 561 1900 omnis
583 1820 646 1898 illa
663 1821 860 1909 calliditas.
891 1827 1040 1920 quaein
1060 1827 1275 1928 paciscon·
1342 1897 1343 1924 p

196 1937 414 2022 ditionibus.
439 1952 612 2031 tanquam
635 1936 675 2008 in
698 1932 840 2033 laqueis
859 1937 1116 2026 contexendis,
1144 1941 1269 2016 elabo-

196 2075 275 2130 rare
297 2050 408 2134 solet.
438 2049 577 2148 quibus
601 2051 738 2124 irretita
764 2049 905 2148 pollera
936 2066 1035 2129 aetas
1061 2057 1174 2130 nouis
1201 2055 1273 2132 dis·

196 2165 331 2246 cordils
358 2163 521 2242 ethelin
545 2163 586 2237 ie·
606 2162 822 2260 implicitam
845 2161 915 2242 elle
932 2167 1061 2242 sentiat
1082 2185 1120 2242 et
1135 2172 1274 2246 exitio-

197 2279 270 2358 sam
296 2277 363 2356 fibi
396 2274 575 2355 valiitieln
611 2278 730 2366 illam,
781 2279 1047 2382 quamtulgo
1079 2283 1273 2383 politicam

194 2393 403 2494 appellante
422 2391 521 2472 »diris
544 2393 719 2472 omnibus
743 2391 944 2474 deuoneat.

284 2678 288 2689 ‚
310 2583 364 2664 Vt
378 2599 498 2664 autem
516 2583 606 2665 haec
623 2599 697 2662 tam
715 2587 876 2666 breuiter
893 2609 936 2666 ac
957 2586 1125 2665 celeriter
1139 2591 1269 2687 peragi

193 2701 357 2806 pollent,
382 2699 572 2780 Romanae
590 2703 680 2800 reip.
699 2701 858 2790 instituta
880 2699 985 2780 facile
1009 2701 1268 2792 admittebant,
1341 2789 1342 2820 p

147 2901 159 2912 ,
192 2819 263 2896 hac
282 2817 435 2916 quidem
459 2818 496 2892 in
516 2839 552 2893 re
577 2812 817 2916 admirabilia.
879 2811 1016 2895 Omnis
1042 2819 1143 2892 enim
1168 2823 1267 2918 pacis

192 2923 380 3023 faciendae
399 2923 616 3006 deliberatio
639 2931 792 3028 eiusque
810 2927 1060 3010 decernendae
1077 2933 1174 3008 ratio
1190 2949 1267 3008 erat

77 3141 82 3152 .
164 3135 168 3145 ⁴
197 3047 298 3146 apud
310 3045 497 3124 Semtnmr
538 3066 608 3122 nec
631 3041 697 3120 nili
719 3040 864 3123 decreta
894 3067 966 3146 pax
990 3045 1035 3122 ad
1065 3039 1266 3146 populum,

192 3175 234 3237 vt
251 3186 330 3238 eant
345 3161 501 3258 iuberet,
527 3157 710 3242 ferebatur
724 3153 777 3256 b).
816 3157 916 3236 lnter
928 3153 1121 3236 Senatores
1137 3175 1263 3238 autern

193 3262 419 3376 eratmagna
438 3295 521 3374 pars
534 3295 678 3366 eorum,
700 3275 768 3375 qui
785 3270 851 3374 ipss
863 3277 1049 3352 exercitus
1067 3274 1266 3364 duxerant,

1232 3407 1269 3468 et

176 3640 179 3651 ·
245 3572 282 3660 ⁵³
305 3573 1265 3746 arr-,ntitasirnsinnzrrnnnsnn

305 3748 346 3810 de
371 3765 448 3833 paee
467 3746 566 3811 laturo
586 3745 649 3822 eth
685 3756 737 3820 vt,
763 3765 835 3808 error
855 3745 914 3810 Cn.
939 3745 1091 3810 botulus
1116 3749 1187 3812 Cos.
1211 3753 1266 3813 eui

201 3901 204 3906 ,
275 3874 281 3892 ,
304 3829 414 3894 Africa
428 3825 608 3914 prouincia,
630 3851 703 3896 mox
718 3827 834 3903 elatat,
857 3829 1033 3913 obtigerat,
1055 3831 1173 3896 bellurn
1191 3854 1265 3897 curn

235 3909 238 3923 '
303 3911 608 3998 Certbagioienlibut
630 3916 806 3980 ducendum
823 3911 884 3978 else
906 3917 1130 3993 contendebat,
1152 3916 1265 3982 aTri·

210 4011 216 4022 ’
304 3997 401 4063 bunis
415 4001 456 4082 pl.
470 4000 510 4062 ad
524 3997 678 4096 populum
698 3999 797 4064 iabrrn
815 3997 874 4064 eli:
897 4017 928 4064 v.
945 3997 1012 4064 Lis.
1019 3997 1129 4072 XXX,
1154 4017 1207 4078 13.
1231 4017 1262 4066 et

305 4081 450 4148 disertius
471 4103 519 4167 tp.
535 4083 726 4166 Polybium,
751 4083 828 4147 Erat
847 4093 953 4149 tamen
975 4085 1024 4150 nel
1042 4081 1085 4148 fic
1106 4081 1262 4150 summum

256 4194 269 4240 ·.
304 4163 382 4230 belli
404 4170 549 4252 pacisque
571 4167 1032 4255 arbitriomzrpndpopulnm,
1067 4188 1128 4236 nee
1154 4176 1261 4236 trrn'en

302 4245 362 4320 nisi
379 4269 400 4314 e
416 4249 548 4319 Senatus
567 4249 787 4317 uoliteritatn...¹
840 4259 843 4266 ’
987 4281 991 4293 ·
