2672 4746
298 398 353 470 ·,
436 323 694 478 -Ρνιιείαῑιζο,
837 359 842 364 ’
998 385 1201 470 'nn
1322 403 1323 416 ¹

56 565 277 676 ordinum,
317 581 417 652 narn
443 549 548 652 haee
570 561 1126 681 diligenterfjpfisiadieum

53 713 190 798 uerbis
204 709 406 810 enuntiat
405 737 429 794 a
448 703 617 814 inserui,
641 725 684 794 et
702 706 913 808 viciorum
933 712 1127 823 nominat
1157 791 1159 798 .

54 875 305 1010 gratumque
322 850 407 937 erit
422 847 651 1009 aliquando
673 849 726 937 ad
746 848 1106 986 recordandum”
1078 878 1130 950 us
1240 903 1257 910 -

52 993 168 1108 ipfis,
200 1019 277 1111 qur
264 989 474 1079 iisdeni
467 992 595 1092 annis
613 991 655 1078 in
669 993 758 1078 hac
782 991 994 1086 academia
1018 995 1132 1101 vixe-

51 1155 176 1244 runt3
217 1133 588 1253 incitabunturque
611 1133 705 1242 alii,
744 1130 895 1244 saeos,
922 1135 994 1254 qui
1012 1163 1132 1252 prae·

54 1276 132 1364 nia
171 1277 278 1363 olim
313 1295 664 1392 reportauerant,
717 1277 888 1366 uirtutis
926 1273 1021 1366 suae
1055 1275 1133 1366 do-

56 1437 256 1506 cumento
293 1437 451 1526 notos,
512 1445 615 1506 mox
658 1418 748 1508 aliis
787 1417 978 1506 laudibus
1005 1419 1131 1506 inela-
1175 1417 1182 1464 ²

53 1557 190 1670 ruiffe,
209 1560 357 1660 autad
379 1559 606 1674 dignitates
623 1581 668 1648 et
684 1564 871 1648 honores
882 1555 1131 1678 perueniffe,

55 1705 352 1819 cognouerint.
414 1701 532 1816 Quid
553 1705 687 1790 vero?
717 1703 747 1790 ii
767 1701 863 1818 ipfi,
881 1703 954 1819 qui
969 1702 1014 1788 in
1031 1729 1133 1790 con·
1225 1678 1237 1710 ⁸

56 1847 311 1934 ter-tationes
341 1841 665 1954 descenderant,
708 1843 742 1932 fi
765 1841 922 1934 iudicia
947 1845 1049 1932 olim
1078 1834 1139 1932 de

54 1988 238 2102 ingeniis
269 1984 349 2073 suis
382 1985 619 2103 litterisque
645 2011 693 2074 ea
721 1995 881 2096 aetate,
920 2013 1004 2106 qua
1029 1985 1134 2072 tiro·
1175 2091 1179 2105 1

55 2131 166 2252 cinia
198 2129 391 2216 nondum
420 2125 729 2244 deposuerant,
759 2123 894 2238 facia,
923 2152 1134 2246 recogno·

54 2269 205 2380 scent,
256 2271 300 2356 in
332 2269 663 2385 praeteritorum
694 2279 900 2358 anno'r'urn
939 2267 1145 2356 recorda-'

54 2414 183 2498 tione
199 2437 280 2528 qua
297 2412 519 2526 voluptate
533 2408 574 2496 se
590 2409 765 2498 affectos
783 2409 980 2500 sentient!
1002 2407 1156 2526 ⁸Quae*

57 2553 234 2674 quidem
262 2579 315 2640 eo
346 2580 371 2640 a
397 2579 467 2640 me
494 2549 687 2668 exposrta
717 2549 812 2674 sunt
839 2549 1043 2659 confili0,
1082 2576 1136 2640 ne
1282 2592 1285 2601 ·
1322 2569 1323 2580 ‘

56 2721 242 2812 operam
272 2693 462 2784 nostram
493 2695 537 2780 in
567 2689 861 2808 prolusronum
896 2687 1044 2777 harum
1074 2715 1138 2778 re·
1201 2703 1204 2710 ’
1247 2698 1250 2707 ’

59 2836 187 2925 censu
214 2837 469 2924 collocatam
501 2833 682 2924 utilitate
708 2829 777 2920 sua
806 2832 1029 2922 carituram
1058 2826 1138 2920 effe
1191 2861 1194 2874 ·
1322 2849 1323 2864 ¹

60 2981 213 3100 aliquis
240 2955 460 3068 existimet.
572 3046 576 3055 ,

179 3121 327 3210 Cum
316 3148 360 3208 ιη
388 3121 463 3229 iis,
494 3145 624 3239 quae,
650 3115 935 3235 superioribus
958 3113 1160 3203 maxime*

27 3263 376 3384 uoluminibus,
421 3287 501 3377 per
521 3257 676 3370 XXX,
719 3279 763 3347 et
793 3257 911 3377 quod
940 3259 1141 3398 excurrit,

67 3431 200 3493 annos
226 3431 251 3493 a
275 3431 345 3492 me
370 3401 562 3521 expofita
588 3400 704 3514 sunt,
743 3401 825 3502 fint
848 3397 959 3488 haud
989 3425 1142 3514 pauca,
1239 3417 1246 3430 ·

12 3553 16 3676 1
68 3577 176 3665 quae
200 3551 251 3636 ab
278 3547 369 3646 aliis
390 3546 494 3636 viris
517 3543 657 3641 dedis
685 3525 890 3661 posthaec
926 3537 1144 3656 copiosius

12 3727 14 3800 r
71 3713 114 3776 et
134 3690 303 3779 dourius
327 3685 447 3777 fuere
465 3688 695 3776 elaborata:
726 3681 1001 3774 constitutum
1022 3683 1142 3770 habe·

12 3805 14 3860 ¹
76 3836 192 3942 bam,
229 3829 618 3956 additamentoruna
657 3827 760 3916 loeo
793 3826 973 3944 potiora
995 3822 1059 3913 'ex
1092 3823 1143 3909 iis
1256 3869 1260 3877 ·

76 3999 439 4086 commemorare3
484 3971 576 4060 vidi
602 3988 741 4060 tamen
765 3967 967 4056 nonnulla
999 3992 1051 4056 ex
1078 3963 1143 4051 his
1270 3980 1276 3990 ·

77 4113 158 4208 sure
193 4143 311 4209 noua
350 4111 637 4230 disputatione
675 4112 751 4204 vix
781 4109 974 4230 expediri
1012 4101 1143 4236 puise.
1185 4100 1188 4112 ’

635 4251 682 4362 )1
705 4276 734 4362 4
981 4221 1149 4339 Contra'
1180 4272 1221 4372 J
1322 4285 1323 4292 Ν
